price,quantity,type,timestamp
100540000,0.062700000000000,0,2024-04-12 23:07:56
100537000,0.050200000000000,0,2024-04-12 23:07:56
100535000,0.307700000000000,0,2024-04-12 23:07:56
100532000,0.018900000000000,0,2024-04-12 23:07:56
100531000,0.017100000000000,0,2024-04-12 23:07:56
100605000,0.053000000000000,1,2024-04-12 23:07:56
100606000,0.176900000000000,1,2024-04-12 23:07:56
100607000,0.000100000000000,1,2024-04-12 23:07:56
100615000,0.005100000000000,1,2024-04-12 23:07:56
100616000,0.055700000000000,1,2024-04-12 23:07:56
100584000,0.000900000000000,0,2024-04-12 23:08:01
100540000,0.062900000000000,0,2024-04-12 23:08:01
100537000,0.050200000000000,0,2024-04-12 23:08:01
100535000,0.293300000000000,0,2024-04-12 23:08:01
100530000,0.000400000000000,0,2024-04-12 23:08:01
100605000,0.053000000000000,1,2024-04-12 23:08:01
100606000,0.176900000000000,1,2024-04-12 23:08:01
100607000,0.000100000000000,1,2024-04-12 23:08:01
100613000,0.312900000000000,1,2024-04-12 23:08:01
100616000,0.055700000000000,1,2024-04-12 23:08:01
100584000,0.000000000000000,0,2024-04-12 23:08:07
100540000,0.062900000000000,0,2024-04-12 23:08:07
100537000,0.001400000000000,0,2024-04-12 23:08:07
100535000,0.000100000000000,0,2024-04-12 23:08:07
100530000,0.000400000000000,0,2024-04-12 23:08:07
100593000,0.252400000000000,1,2024-04-12 23:08:07
100595000,0.051200000000000,1,2024-04-12 23:08:07
100598000,0.020200000000000,1,2024-04-12 23:08:07
100605000,0.053000000000000,1,2024-04-12 23:08:07
100606000,0.176900000000000,1,2024-04-12 23:08:07
100535000,0.000100000000000,0,2024-04-12 23:08:12
100530000,0.000400000000000,0,2024-04-12 23:08:12
100523000,0.000200000000000,0,2024-04-12 23:08:12
100520000,0.000100000000000,0,2024-04-12 23:08:12
100519000,0.000400000000000,0,2024-04-12 23:08:12
100536000,0.091000000000000,1,2024-04-12 23:08:12
100559000,0.293000000000000,1,2024-04-12 23:08:12
100573000,0.053700000000000,1,2024-04-12 23:08:12
100591000,0.055300000000000,1,2024-04-12 23:08:12
100605000,0.053000000000000,1,2024-04-12 23:08:12
100535000,0.000100000000000,0,2024-04-12 23:08:17
100530000,0.000400000000000,0,2024-04-12 23:08:17
100523000,0.000200000000000,0,2024-04-12 23:08:17
100520000,0.000100000000000,0,2024-04-12 23:08:17
100519000,0.000400000000000,0,2024-04-12 23:08:17
100536000,0.009700000000000,1,2024-04-12 23:08:17
100555000,0.029300000000000,1,2024-04-12 23:08:17
100556000,0.021100000000000,1,2024-04-12 23:08:17
100557000,0.020200000000000,1,2024-04-12 23:08:17
100559000,0.293000000000000,1,2024-04-12 23:08:17
100530000,0.000400000000000,0,2024-04-12 23:08:22
100523000,0.000200000000000,0,2024-04-12 23:08:22
100520000,0.000100000000000,0,2024-04-12 23:08:22
100519000,0.000400000000000,0,2024-04-12 23:08:22
100510000,0.000400000000000,0,2024-04-12 23:08:22
100536000,0.000200000000000,1,2024-04-12 23:08:22
100550000,0.062300000000000,1,2024-04-12 23:08:22
100555000,0.029300000000000,1,2024-04-12 23:08:22
100556000,0.021100000000000,1,2024-04-12 23:08:22
100557000,0.020200000000000,1,2024-04-12 23:08:22
100530000,0.000500000000000,0,2024-04-12 23:08:27
100523000,0.000200000000000,0,2024-04-12 23:08:27
100520000,0.000100000000000,0,2024-04-12 23:08:27
100519000,0.000400000000000,0,2024-04-12 23:08:27
100510000,0.000400000000000,0,2024-04-12 23:08:27
100536000,0.000100000000000,1,2024-04-12 23:08:27
100570000,0.000500000000000,1,2024-04-12 23:08:27
100572000,0.029300000000000,1,2024-04-12 23:08:27
100573000,0.074800000000000,1,2024-04-12 23:08:27
100574000,0.020200000000000,1,2024-04-12 23:08:27
100530000,0.000700000000000,0,2024-04-12 23:08:32
100523000,0.000200000000000,0,2024-04-12 23:08:32
100520000,0.000100000000000,0,2024-04-12 23:08:32
100519000,0.000400000000000,0,2024-04-12 23:08:32
100510000,0.000400000000000,0,2024-04-12 23:08:32
100536000,0.198300000000000,1,2024-04-12 23:08:32
100561000,0.029300000000000,1,2024-04-12 23:08:32
100562000,0.021100000000000,1,2024-04-12 23:08:32
100563000,0.020200000000000,1,2024-04-12 23:08:32
100570000,0.000500000000000,1,2024-04-12 23:08:32
100536000,0.201600000000000,0,2024-04-12 23:08:37
100530000,0.000700000000000,0,2024-04-12 23:08:37
100523000,0.000300000000000,0,2024-04-12 23:08:37
100520000,0.000200000000000,0,2024-04-12 23:08:37
100519000,0.000400000000000,0,2024-04-12 23:08:37
100551000,0.055000000000000,1,2024-04-12 23:08:37
100554000,0.009900000000000,1,2024-04-12 23:08:37
100555000,0.029300000000000,1,2024-04-12 23:08:37
100556000,0.021100000000000,1,2024-04-12 23:08:37
100557000,0.020200000000000,1,2024-04-12 23:08:37
100536000,0.065900000000000,0,2024-04-12 23:08:42
100530000,0.000500000000000,0,2024-04-12 23:08:42
100523000,0.000300000000000,0,2024-04-12 23:08:42
100520000,0.000200000000000,0,2024-04-12 23:08:42
100519000,0.000400000000000,0,2024-04-12 23:08:42
100539000,0.020200000000000,1,2024-04-12 23:08:42
100553000,0.059300000000000,1,2024-04-12 23:08:42
100554000,0.009900000000000,1,2024-04-12 23:08:42
100570000,0.000500000000000,1,2024-04-12 23:08:42
100572000,0.044600000000000,1,2024-04-12 23:08:42
100530000,0.000500000000000,0,2024-04-12 23:08:47
100523000,0.000300000000000,0,2024-04-12 23:08:47
100520000,0.000200000000000,0,2024-04-12 23:08:47
100519000,0.000400000000000,0,2024-04-12 23:08:47
100510000,0.000400000000000,0,2024-04-12 23:08:47
100536000,0.054900000000000,1,2024-04-12 23:08:47
100537000,0.000100000000000,1,2024-04-12 23:08:47
100552000,0.040400000000000,1,2024-04-12 23:08:47
100553000,0.059300000000000,1,2024-04-12 23:08:47
100554000,0.009900000000000,1,2024-04-12 23:08:47
100500000,0.001200000000000,0,2024-04-12 23:08:53
100496000,0.103200000000000,0,2024-04-12 23:08:53
100490000,0.000300000000000,0,2024-04-12 23:08:53
100487000,0.024800000000000,0,2024-04-12 23:08:53
100483000,0.010000000000000,0,2024-04-12 23:08:53
100503000,0.021400000000000,1,2024-04-12 23:08:53
100504000,0.076200000000000,1,2024-04-12 23:08:53
100505000,0.018500000000000,1,2024-04-12 23:08:53
100523000,0.055300000000000,1,2024-04-12 23:08:53
100553000,0.039900000000000,1,2024-04-12 23:08:53
100496000,0.000800000000000,0,2024-04-12 23:08:58
100490000,0.000400000000000,0,2024-04-12 23:08:58
100487000,0.024800000000000,0,2024-04-12 23:08:58
100483000,0.010000000000000,0,2024-04-12 23:08:58
100482000,0.001000000000000,0,2024-04-12 23:08:58
100498000,0.038600000000000,1,2024-04-12 23:08:58
100504000,0.055100000000000,1,2024-04-12 23:08:58
100522000,0.038900000000000,1,2024-04-12 23:08:58
100523000,0.055300000000000,1,2024-04-12 23:08:58
100554000,0.009900000000000,1,2024-04-12 23:08:58
100487000,0.016900000000000,0,2024-04-12 23:09:03
100483000,0.019900000000000,0,2024-04-12 23:09:03
100482000,0.001000000000000,0,2024-04-12 23:09:03
100481000,0.020800000000000,0,2024-04-12 23:09:03
100480000,0.020100000000000,0,2024-04-12 23:09:03
100496000,0.009200000000000,1,2024-04-12 23:09:03
100502000,0.019900000000000,1,2024-04-12 23:09:03
100503000,0.018600000000000,1,2024-04-12 23:09:03
100522000,0.038300000000000,1,2024-04-12 23:09:03
100523000,0.055300000000000,1,2024-04-12 23:09:03
100498000,0.228700000000000,0,2024-04-12 23:09:08
100487000,0.016900000000000,0,2024-04-12 23:09:08
100483000,0.019900000000000,0,2024-04-12 23:09:08
100482000,0.001000000000000,0,2024-04-12 23:09:08
100481000,0.020800000000000,0,2024-04-12 23:09:08
100553000,0.060800000000000,1,2024-04-12 23:09:08
100554000,0.009900000000000,1,2024-04-12 23:09:08
100570000,0.000500000000000,1,2024-04-12 23:09:08
100578000,0.037500000000000,1,2024-04-12 23:09:08
100579000,0.099400000000000,1,2024-04-12 23:09:08
