price,quantity,type,timestamp
99901000,0.363700000000000,0,2024-04-13 00:00:01
99900000,0.544000000000000,0,2024-04-13 00:00:01
99899000,0.155800000000000,0,2024-04-13 00:00:01
99895000,0.045000000000000,0,2024-04-13 00:00:01
99894000,0.002000000000000,0,2024-04-13 00:00:01
99949000,0.064200000000000,1,2024-04-13 00:00:01
99950000,0.005200000000000,1,2024-04-13 00:00:01
99961000,0.099900000000000,1,2024-04-13 00:00:01
99967000,0.058000000000000,1,2024-04-13 00:00:01
99978000,0.029000000000000,1,2024-04-13 00:00:01
99900000,0.321100000000000,0,2024-04-13 00:00:06
99899000,0.155800000000000,0,2024-04-13 00:00:06
99895000,0.045000000000000,0,2024-04-13 00:00:06
99894000,0.002000000000000,0,2024-04-13 00:00:06
99893000,0.000000000000000,0,2024-04-13 00:00:06
99931000,0.000100000000000,1,2024-04-13 00:00:06
99950000,0.030200000000000,1,2024-04-13 00:00:06
99961000,0.000200000000000,1,2024-04-13 00:00:06
99967000,0.058000000000000,1,2024-04-13 00:00:06
99979000,1.813700000000000,1,2024-04-13 00:00:06
99900000,0.313700000000000,0,2024-04-13 00:00:11
99899000,0.155800000000000,0,2024-04-13 00:00:11
99895000,0.045000000000000,0,2024-04-13 00:00:11
99894000,0.002000000000000,0,2024-04-13 00:00:11
99893000,0.000000000000000,0,2024-04-13 00:00:11
99931000,0.000100000000000,1,2024-04-13 00:00:11
99945000,0.134700000000000,1,2024-04-13 00:00:11
99949000,0.099900000000000,1,2024-04-13 00:00:11
99950000,0.030200000000000,1,2024-04-13 00:00:11
99961000,0.000200000000000,1,2024-04-13 00:00:11
99900000,0.212800000000000,0,2024-04-13 00:00:16
99899000,0.155800000000000,0,2024-04-13 00:00:16
99895000,0.045000000000000,0,2024-04-13 00:00:16
99894000,0.002000000000000,0,2024-04-13 00:00:16
99893000,0.063000000000000,0,2024-04-13 00:00:16
99931000,0.000100000000000,1,2024-04-13 00:00:16
99945000,0.134700000000000,1,2024-04-13 00:00:16
99950000,0.005200000000000,1,2024-04-13 00:00:16
99961000,0.000200000000000,1,2024-04-13 00:00:16
99979000,0.013700000000000,1,2024-04-13 00:00:16
99900000,0.104100000000000,0,2024-04-13 00:00:22
99899000,0.156000000000000,0,2024-04-13 00:00:22
99895000,0.045000000000000,0,2024-04-13 00:00:22
99894000,0.002000000000000,0,2024-04-13 00:00:22
99893000,0.000000000000000,0,2024-04-13 00:00:22
99931000,0.000100000000000,1,2024-04-13 00:00:22
99945000,0.134700000000000,1,2024-04-13 00:00:22
99950000,0.005200000000000,1,2024-04-13 00:00:22
99961000,0.000200000000000,1,2024-04-13 00:00:22
99979000,0.013700000000000,1,2024-04-13 00:00:22
99931000,0.021800000000000,0,2024-04-13 00:00:27
99930000,0.060700000000000,0,2024-04-13 00:00:27
99929000,0.070800000000000,0,2024-04-13 00:00:27
99928000,0.024200000000000,0,2024-04-13 00:00:27
99922000,0.019700000000000,0,2024-04-13 00:00:27
99950000,0.005200000000000,1,2024-04-13 00:00:27
99961000,0.000200000000000,1,2024-04-13 00:00:27
99979000,0.000200000000000,1,2024-04-13 00:00:27
100013000,0.000200000000000,1,2024-04-13 00:00:27
100020000,0.000200000000000,1,2024-04-13 00:00:27
99903000,0.000200000000000,0,2024-04-13 00:00:32
99902000,0.000100000000000,0,2024-04-13 00:00:32
99900000,0.200800000000000,0,2024-04-13 00:00:32
99899000,0.155800000000000,0,2024-04-13 00:00:32
99895000,0.045000000000000,0,2024-04-13 00:00:32
99912000,0.040500000000000,1,2024-04-13 00:00:32
99950000,0.005200000000000,1,2024-04-13 00:00:32
99961000,0.000200000000000,1,2024-04-13 00:00:32
99979000,0.000200000000000,1,2024-04-13 00:00:32
100013000,0.110100000000000,1,2024-04-13 00:00:32
99949000,0.000100000000000,0,2024-04-13 00:00:37
99914000,0.051500000000000,0,2024-04-13 00:00:37
99913000,0.018700000000000,0,2024-04-13 00:00:37
99903000,0.070700000000000,0,2024-04-13 00:00:37
99902000,0.000100000000000,0,2024-04-13 00:00:37
100013000,0.099800000000000,1,2024-04-13 00:00:37
100014000,0.000100000000000,1,2024-04-13 00:00:37
100020000,0.000200000000000,1,2024-04-13 00:00:37
100026000,0.000200000000000,1,2024-04-13 00:00:37
100032000,0.002300000000000,1,2024-04-13 00:00:37
99950000,0.061500000000000,0,2024-04-13 00:00:42
99949000,0.010100000000000,0,2024-04-13 00:00:42
99939000,0.061500000000000,0,2024-04-13 00:00:42
99924000,0.019900000000000,0,2024-04-13 00:00:42
99923000,0.025000000000000,0,2024-04-13 00:00:42
100013000,0.029800000000000,1,2024-04-13 00:00:42
100014000,0.000100000000000,1,2024-04-13 00:00:42
100020000,0.000200000000000,1,2024-04-13 00:00:42
100026000,0.000200000000000,1,2024-04-13 00:00:42
100033000,0.004200000000000,1,2024-04-13 00:00:42
99950000,0.046200000000000,0,2024-04-13 00:00:47
99949000,0.010100000000000,0,2024-04-13 00:00:47
99939000,0.061500000000000,0,2024-04-13 00:00:47
99938000,0.019900000000000,0,2024-04-13 00:00:47
99937000,0.024900000000000,0,2024-04-13 00:00:47
100014000,0.000100000000000,1,2024-04-13 00:00:47
100020000,0.000200000000000,1,2024-04-13 00:00:47
100026000,0.000200000000000,1,2024-04-13 00:00:47
100033000,0.004200000000000,1,2024-04-13 00:00:47
100037000,0.000100000000000,1,2024-04-13 00:00:47
99998000,0.032700000000000,0,2024-04-13 00:00:52
99997000,0.035000000000000,0,2024-04-13 00:00:52
99984000,0.056500000000000,0,2024-04-13 00:00:52
99980000,0.036300000000000,0,2024-04-13 00:00:52
99979000,0.011400000000000,0,2024-04-13 00:00:52
100013000,0.055800000000000,1,2024-04-13 00:00:52
100039000,0.009800000000000,1,2024-04-13 00:00:52
100040000,0.000100000000000,1,2024-04-13 00:00:52
100041000,0.001200000000000,1,2024-04-13 00:00:52
100058000,0.248200000000000,1,2024-04-13 00:00:52
99998000,0.037600000000000,0,2024-04-13 00:00:57
99997000,0.007300000000000,0,2024-04-13 00:00:57
99974000,0.000200000000000,0,2024-04-13 00:00:57
99969000,0.000100000000000,0,2024-04-13 00:00:57
99968000,0.025000000000000,0,2024-04-13 00:00:57
100013000,0.030800000000000,1,2024-04-13 00:00:57
100039000,0.009800000000000,1,2024-04-13 00:00:57
100040000,0.000100000000000,1,2024-04-13 00:00:57
100041000,0.001200000000000,1,2024-04-13 00:00:57
100050000,0.062800000000000,1,2024-04-13 00:00:57
100013000,0.000000000000000,0,2024-04-13 00:01:02
99998000,0.023300000000000,0,2024-04-13 00:01:02
99974000,0.000100000000000,0,2024-04-13 00:01:02
99950000,0.070000000000000,0,2024-04-13 00:01:02
99949000,0.010100000000000,0,2024-04-13 00:01:02
100025000,0.019400000000000,1,2024-04-13 00:01:02
100028000,0.000100000000000,1,2024-04-13 00:01:02
100038000,0.000100000000000,1,2024-04-13 00:01:02
100039000,0.009800000000000,1,2024-04-13 00:01:02
100040000,0.000100000000000,1,2024-04-13 00:01:02
99998000,0.003100000000000,0,2024-04-13 00:01:08
99974000,0.010100000000000,0,2024-04-13 00:01:08
99950000,0.070000000000000,0,2024-04-13 00:01:08
99949000,0.010100000000000,0,2024-04-13 00:01:08
99941000,0.000600000000000,0,2024-04-13 00:01:08
100024000,0.100000000000000,1,2024-04-13 00:01:08
100025000,0.019400000000000,1,2024-04-13 00:01:08
100028000,0.000100000000000,1,2024-04-13 00:01:08
100029000,0.063000000000000,1,2024-04-13 00:01:08
100038000,0.000100000000000,1,2024-04-13 00:01:08
99950000,0.057400000000000,0,2024-04-13 00:01:13
99949000,0.010100000000000,0,2024-04-13 00:01:13
99937000,0.053800000000000,0,2024-04-13 00:01:13
99934000,0.000200000000000,0,2024-04-13 00:01:13
99932000,0.090300000000000,0,2024-04-13 00:01:13
99997000,0.000500000000000,1,2024-04-13 00:01:13
100011000,0.099800000000000,1,2024-04-13 00:01:13
100012000,0.019400000000000,1,2024-04-13 00:01:13
100038000,0.000100000000000,1,2024-04-13 00:01:13
100039000,0.009800000000000,1,2024-04-13 00:01:13
99950000,0.044000000000000,0,2024-04-13 00:01:18
99949000,0.010100000000000,0,2024-04-13 00:01:18
99938000,0.000200000000000,0,2024-04-13 00:01:18
99931000,0.060000000000000,0,2024-04-13 00:01:18
99926000,0.001000000000000,0,2024-04-13 00:01:18
99991000,0.019400000000000,1,2024-04-13 00:01:18
100001000,0.099700000000000,1,2024-04-13 00:01:18
100009000,0.054800000000000,1,2024-04-13 00:01:18
100036000,0.103200000000000,1,2024-04-13 00:01:18
100037000,0.057700000000000,1,2024-04-13 00:01:18
99949000,0.000000000000000,0,2024-04-13 00:01:23
99938000,0.000200000000000,0,2024-04-13 00:01:23
99931000,0.060000000000000,0,2024-04-13 00:01:23
99926000,0.001000000000000,0,2024-04-13 00:01:23
99920000,0.002000000000000,0,2024-04-13 00:01:23
99977000,0.099800000000000,1,2024-04-13 00:01:23
99980000,0.000100000000000,1,2024-04-13 00:01:23
99996000,0.096000000000000,1,2024-04-13 00:01:23
99997000,0.063800000000000,1,2024-04-13 00:01:23
99999000,0.958100000000000,1,2024-04-13 00:01:23
99931000,0.041700000000000,0,2024-04-13 00:01:28
99926000,0.001000000000000,0,2024-04-13 00:01:28
99922000,0.293200000000000,0,2024-04-13 00:01:28
99920000,0.002000000000000,0,2024-04-13 00:01:28
99915000,0.000900000000000,0,2024-04-13 00:01:28
99973000,0.099800000000000,1,2024-04-13 00:01:28
99974000,0.099800000000000,1,2024-04-13 00:01:28
99977000,0.000200000000000,1,2024-04-13 00:01:28
99980000,0.000100000000000,1,2024-04-13 00:01:28
99996000,0.095100000000000,1,2024-04-13 00:01:28
99954000,0.072500000000000,0,2024-04-13 00:01:33
99953000,0.060200000000000,0,2024-04-13 00:01:33
99952000,0.000100000000000,0,2024-04-13 00:01:33
99951000,0.000200000000000,0,2024-04-13 00:01:33
99945000,0.036300000000000,0,2024-04-13 00:01:33
99974000,0.006000000000000,1,2024-04-13 00:01:33
99977000,0.000200000000000,1,2024-04-13 00:01:33
99980000,0.000100000000000,1,2024-04-13 00:01:33
100004000,0.000200000000000,1,2024-04-13 00:01:33
100005000,0.007500000000000,1,2024-04-13 00:01:33
99931000,0.000000000000000,0,2024-04-13 00:01:38
99926000,0.001000000000000,0,2024-04-13 00:01:38
99920000,0.002000000000000,0,2024-04-13 00:01:38
99915000,0.000900000000000,0,2024-04-13 00:01:38
99914000,0.011700000000000,0,2024-04-13 00:01:38
99976000,0.000100000000000,1,2024-04-13 00:01:38
99977000,0.000200000000000,1,2024-04-13 00:01:38
99980000,0.000100000000000,1,2024-04-13 00:01:38
99987000,0.019900000000000,1,2024-04-13 00:01:38
99990000,0.111700000000000,1,2024-04-13 00:01:38
99931000,0.003000000000000,0,2024-04-13 00:01:44
99915000,0.304200000000000,0,2024-04-13 00:01:44
99914000,0.011700000000000,0,2024-04-13 00:01:44
99913000,0.018700000000000,0,2024-04-13 00:01:44
99910000,0.064300000000000,0,2024-04-13 00:01:44
99961000,0.011700000000000,1,2024-04-13 00:01:44
99970000,0.099200000000000,1,2024-04-13 00:01:44
99976000,0.000300000000000,1,2024-04-13 00:01:44
99980000,0.024800000000000,1,2024-04-13 00:01:44
100001000,0.068600000000000,1,2024-04-13 00:01:44
99959000,0.293100000000000,0,2024-04-13 00:01:49
99947000,0.293000000000000,0,2024-04-13 00:01:49
99931000,0.001000000000000,0,2024-04-13 00:01:49
99915000,0.011200000000000,0,2024-04-13 00:01:49
99914000,0.012100000000000,0,2024-04-13 00:01:49
99987000,0.000300000000000,1,2024-04-13 00:01:49
99991000,0.024800000000000,1,2024-04-13 00:01:49
100020000,0.068900000000000,1,2024-04-13 00:01:49
100021000,0.900200000000000,1,2024-04-13 00:01:49
100026000,0.063600000000000,1,2024-04-13 00:01:49
99916000,0.099900000000000,0,2024-04-13 00:01:54
99915000,0.013600000000000,0,2024-04-13 00:01:54
99914000,0.012100000000000,0,2024-04-13 00:01:54
99913000,0.311700000000000,0,2024-04-13 00:01:54
99908000,0.010300000000000,0,2024-04-13 00:01:54
99947000,0.024400000000000,1,2024-04-13 00:01:54
99954000,0.005100000000000,1,2024-04-13 00:01:54
99971000,0.070200000000000,1,2024-04-13 00:01:54
99972000,0.062800000000000,1,2024-04-13 00:01:54
99989000,0.000100000000000,1,2024-04-13 00:01:54
99917000,0.003000000000000,0,2024-04-13 00:01:59
99916000,0.038700000000000,0,2024-04-13 00:01:59
99915000,0.013900000000000,0,2024-04-13 00:01:59
99914000,0.012100000000000,0,2024-04-13 00:01:59
99913000,0.018900000000000,0,2024-04-13 00:01:59
99952000,0.063300000000000,1,2024-04-13 00:01:59
99953000,0.999800000000000,1,2024-04-13 00:01:59
99971000,0.069400000000000,1,2024-04-13 00:01:59
99972000,0.062800000000000,1,2024-04-13 00:01:59
99989000,0.000300000000000,1,2024-04-13 00:01:59
99899000,0.104900000000000,0,2024-04-13 00:02:04
99896000,0.001100000000000,0,2024-04-13 00:02:04
99895000,0.045000000000000,0,2024-04-13 00:02:04
99894000,0.006200000000000,0,2024-04-13 00:02:04
99893000,0.000000000000000,0,2024-04-13 00:02:04
99946000,0.133200000000000,1,2024-04-13 00:02:04
99950000,0.099800000000000,1,2024-04-13 00:02:04
99952000,0.063300000000000,1,2024-04-13 00:02:04
99953000,0.900000000000000,1,2024-04-13 00:02:04
99972000,0.062800000000000,1,2024-04-13 00:02:04
99894000,0.000000000000000,0,2024-04-13 00:02:09
99893000,0.000000000000000,0,2024-04-13 00:02:09
99892000,0.031800000000000,0,2024-04-13 00:02:09
99890000,0.007400000000000,0,2024-04-13 00:02:09
99889000,0.043300000000000,0,2024-04-13 00:02:09
99944000,0.034900000000000,1,2024-04-13 00:02:09
99945000,0.099800000000000,1,2024-04-13 00:02:09
99946000,0.126800000000000,1,2024-04-13 00:02:09
99950000,0.000200000000000,1,2024-04-13 00:02:09
99951000,0.057300000000000,1,2024-04-13 00:02:09
99892000,0.011700000000000,0,2024-04-13 00:02:14
99890000,0.007400000000000,0,2024-04-13 00:02:14
99889000,0.043300000000000,0,2024-04-13 00:02:14
99888000,0.100400000000000,0,2024-04-13 00:02:14
99887000,0.005200000000000,0,2024-04-13 00:02:14
99945000,0.086500000000000,1,2024-04-13 00:02:14
99946000,0.126800000000000,1,2024-04-13 00:02:14
99950000,0.000200000000000,1,2024-04-13 00:02:14
99951000,0.057300000000000,1,2024-04-13 00:02:14
99972000,0.062800000000000,1,2024-04-13 00:02:14
99893000,0.161600000000000,0,2024-04-13 00:02:19
99892000,0.022200000000000,0,2024-04-13 00:02:19
99890000,0.080000000000000,0,2024-04-13 00:02:19
99889000,0.043300000000000,0,2024-04-13 00:02:19
99888000,0.100400000000000,0,2024-04-13 00:02:19
99945000,0.000900000000000,1,2024-04-13 00:02:19
99946000,0.000200000000000,1,2024-04-13 00:02:19
99950000,0.000200000000000,1,2024-04-13 00:02:19
99989000,0.000300000000000,1,2024-04-13 00:02:19
99993000,0.068000000000000,1,2024-04-13 00:02:19
99951000,0.102900000000000,0,2024-04-13 00:02:24
99950000,0.063200000000000,0,2024-04-13 00:02:24
99936000,0.065200000000000,0,2024-04-13 00:02:24
99935000,0.064700000000000,0,2024-04-13 00:02:24
99930000,0.073000000000000,0,2024-04-13 00:02:24
100038000,0.035800000000000,1,2024-04-13 00:02:24
100040000,0.000300000000000,1,2024-04-13 00:02:24
100041000,0.001200000000000,1,2024-04-13 00:02:24
100051000,0.061900000000000,1,2024-04-13 00:02:24
100057000,0.029500000000000,1,2024-04-13 00:02:24
100003000,0.058900000000000,0,2024-04-13 00:02:30
99999000,0.057600000000000,0,2024-04-13 00:02:30
99990000,0.024700000000000,0,2024-04-13 00:02:30
99986000,0.000200000000000,0,2024-04-13 00:02:30
99975000,0.293000000000000,0,2024-04-13 00:02:30
100057000,0.099800000000000,1,2024-04-13 00:02:30
100058000,0.148400000000000,1,2024-04-13 00:02:30
100059000,0.000600000000000,1,2024-04-13 00:02:30
100060000,0.000300000000000,1,2024-04-13 00:02:30
100068000,0.001000000000000,1,2024-04-13 00:02:30
100023000,0.289100000000000,0,2024-04-13 00:02:35
99980000,0.293000000000000,0,2024-04-13 00:02:35
99977000,0.063800000000000,0,2024-04-13 00:02:35
99966000,0.048000000000000,0,2024-04-13 00:02:35
99965000,0.024900000000000,0,2024-04-13 00:02:35
100058000,0.177200000000000,1,2024-04-13 00:02:35
100059000,0.000600000000000,1,2024-04-13 00:02:35
100060000,0.000300000000000,1,2024-04-13 00:02:35
100068000,0.001000000000000,1,2024-04-13 00:02:35
100069000,0.000100000000000,1,2024-04-13 00:02:35
100004000,0.000200000000000,0,2024-04-13 00:02:40
100003000,0.011400000000000,0,2024-04-13 00:02:40
99997000,0.061800000000000,0,2024-04-13 00:02:40
99996000,0.028100000000000,0,2024-04-13 00:02:40
99994000,0.108200000000000,0,2024-04-13 00:02:40
100050000,0.198200000000000,1,2024-04-13 00:02:40
100057000,0.200200000000000,1,2024-04-13 00:02:40
100058000,0.077400000000000,1,2024-04-13 00:02:40
100059000,0.000600000000000,1,2024-04-13 00:02:40
100060000,0.000300000000000,1,2024-04-13 00:02:40
100002000,0.000200000000000,0,2024-04-13 00:02:45
99997000,0.061800000000000,0,2024-04-13 00:02:45
99994000,0.000200000000000,0,2024-04-13 00:02:45
99980000,0.010000000000000,0,2024-04-13 00:02:45
99979000,0.043400000000000,0,2024-04-13 00:02:45
100023000,0.428200000000000,1,2024-04-13 00:02:45
100048000,0.126600000000000,1,2024-04-13 00:02:45
100050000,0.198100000000000,1,2024-04-13 00:02:45
100054000,0.099800000000000,1,2024-04-13 00:02:45
100057000,0.200200000000000,1,2024-04-13 00:02:45
99994000,0.000200000000000,0,2024-04-13 00:02:50
99990000,0.293200000000000,0,2024-04-13 00:02:50
99989000,0.043400000000000,0,2024-04-13 00:02:50
99988000,0.024900000000000,0,2024-04-13 00:02:50
99986000,0.036300000000000,0,2024-04-13 00:02:50
100023000,0.408200000000000,1,2024-04-13 00:02:50
100050000,0.198100000000000,1,2024-04-13 00:02:50
100057000,0.200200000000000,1,2024-04-13 00:02:50
100058000,0.077400000000000,1,2024-04-13 00:02:50
100059000,0.000600000000000,1,2024-04-13 00:02:50
99994000,0.011700000000000,0,2024-04-13 00:02:55
99990000,0.303600000000000,0,2024-04-13 00:02:55
99989000,0.043400000000000,0,2024-04-13 00:02:55
99988000,0.024900000000000,0,2024-04-13 00:02:55
99986000,0.036300000000000,0,2024-04-13 00:02:55
100013000,0.125600000000000,1,2024-04-13 00:02:55
100023000,0.455900000000000,1,2024-04-13 00:02:55
100043000,0.099700000000000,1,2024-04-13 00:02:55
100050000,0.198100000000000,1,2024-04-13 00:02:55
100057000,0.200200000000000,1,2024-04-13 00:02:55
99994000,0.004200000000000,0,2024-04-13 00:03:01
99990000,0.030200000000000,0,2024-04-13 00:03:01
99980000,0.010000000000000,0,2024-04-13 00:03:01
99977000,0.063800000000000,0,2024-04-13 00:03:01
99971000,0.039300000000000,0,2024-04-13 00:03:01
100013000,0.035600000000000,1,2024-04-13 00:03:01
100023000,0.455900000000000,1,2024-04-13 00:03:01
100044000,0.099700000000000,1,2024-04-13 00:03:01
100050000,0.198100000000000,1,2024-04-13 00:03:01
100054000,0.004600000000000,1,2024-04-13 00:03:01
100002000,0.015000000000000,0,2024-04-13 00:03:06
100000000,0.024800000000000,0,2024-04-13 00:03:06
99999000,0.015300000000000,0,2024-04-13 00:03:06
99998000,0.099900000000000,0,2024-04-13 00:03:06
99997000,0.027800000000000,0,2024-04-13 00:03:06
100013000,0.011900000000000,1,2024-04-13 00:03:06
100023000,0.455900000000000,1,2024-04-13 00:03:06
100050000,0.198100000000000,1,2024-04-13 00:03:06
100057000,0.200200000000000,1,2024-04-13 00:03:06
100058000,0.077400000000000,1,2024-04-13 00:03:06
100013000,0.021600000000000,0,2024-04-13 00:03:11
100003000,0.006800000000000,0,2024-04-13 00:03:11
100002000,0.000200000000000,0,2024-04-13 00:03:11
100000000,0.024600000000000,0,2024-04-13 00:03:11
99999000,0.008700000000000,0,2024-04-13 00:03:11
100021000,0.011400000000000,1,2024-04-13 00:03:11
100023000,0.321200000000000,1,2024-04-13 00:03:11
100043000,0.058900000000000,1,2024-04-13 00:03:11
100050000,0.198100000000000,1,2024-04-13 00:03:11
100052000,2.799700000000000,1,2024-04-13 00:03:11
100013000,0.009600000000000,0,2024-04-13 00:03:16
99990000,0.007100000000000,0,2024-04-13 00:03:16
99986000,0.050000000000000,0,2024-04-13 00:03:16
99980000,0.010000000000000,0,2024-04-13 00:03:16
99957000,0.006800000000000,0,2024-04-13 00:03:16
100020000,0.091100000000000,1,2024-04-13 00:03:16
100023000,0.283400000000000,1,2024-04-13 00:03:16
100024000,0.000400000000000,1,2024-04-13 00:03:16
100037000,0.004600000000000,1,2024-04-13 00:03:16
100038000,0.000200000000000,1,2024-04-13 00:03:16
99986000,0.048700000000000,0,2024-04-13 00:03:21
99980000,0.010000000000000,0,2024-04-13 00:03:21
99956000,0.061400000000000,0,2024-04-13 00:03:21
99955000,0.042300000000000,0,2024-04-13 00:03:21
99953000,0.024600000000000,0,2024-04-13 00:03:21
100019000,0.099700000000000,1,2024-04-13 00:03:21
100022000,0.010000000000000,1,2024-04-13 00:03:21
100023000,0.373400000000000,1,2024-04-13 00:03:21
100036000,0.004600000000000,1,2024-04-13 00:03:21
100038000,0.000200000000000,1,2024-04-13 00:03:21
100007000,0.499200000000000,0,2024-04-13 00:03:26
99990000,0.093600000000000,0,2024-04-13 00:03:26
99986000,0.010000000000000,0,2024-04-13 00:03:26
99980000,0.024700000000000,0,2024-04-13 00:03:26
99956000,0.054600000000000,0,2024-04-13 00:03:26
100021000,0.603800000000000,1,2024-04-13 00:03:26
100022000,0.099700000000000,1,2024-04-13 00:03:26
100023000,0.263400000000000,1,2024-04-13 00:03:26
100036000,0.000200000000000,1,2024-04-13 00:03:26
100040000,0.121100000000000,1,2024-04-13 00:03:26
99990000,0.000000000000000,0,2024-04-13 00:03:31
99986000,0.010100000000000,0,2024-04-13 00:03:31
99980000,0.053100000000000,0,2024-04-13 00:03:31
99955000,0.042500000000000,0,2024-04-13 00:03:31
99946000,0.003000000000000,0,2024-04-13 00:03:31
100006000,0.016400000000000,1,2024-04-13 00:03:31
100008000,0.009800000000000,1,2024-04-13 00:03:31
100021000,0.594000000000000,1,2024-04-13 00:03:31
100022000,0.004600000000000,1,2024-04-13 00:03:31
100023000,0.263600000000000,1,2024-04-13 00:03:31
99980000,0.006500000000000,0,2024-04-13 00:03:36
99956000,0.002600000000000,0,2024-04-13 00:03:36
99955000,0.042500000000000,0,2024-04-13 00:03:36
99946000,0.003000000000000,0,2024-04-13 00:03:36
99945000,0.293000000000000,0,2024-04-13 00:03:36
100003000,0.009700000000000,1,2024-04-13 00:03:36
100004000,0.077800000000000,1,2024-04-13 00:03:36
100006000,0.016200000000000,1,2024-04-13 00:03:36
100008000,0.000200000000000,1,2024-04-13 00:03:36
100018000,0.004600000000000,1,2024-04-13 00:03:36
99980000,0.000000000000000,0,2024-04-13 00:03:41
99960000,0.010100000000000,0,2024-04-13 00:03:41
99956000,0.002700000000000,0,2024-04-13 00:03:41
99955000,0.042500000000000,0,2024-04-13 00:03:41
99946000,0.003000000000000,0,2024-04-13 00:03:41
99996000,0.000500000000000,1,2024-04-13 00:03:41
100004000,0.043900000000000,1,2024-04-13 00:03:41
100006000,0.016200000000000,1,2024-04-13 00:03:41
100008000,0.000200000000000,1,2024-04-13 00:03:41
100011000,0.004600000000000,1,2024-04-13 00:03:41
99960000,0.011100000000000,0,2024-04-13 00:03:46
99956000,0.002700000000000,0,2024-04-13 00:03:46
99955000,0.042500000000000,0,2024-04-13 00:03:46
99946000,0.003000000000000,0,2024-04-13 00:03:46
99932000,0.088300000000000,0,2024-04-13 00:03:46
100004000,0.143400000000000,1,2024-04-13 00:03:46
100006000,0.016200000000000,1,2024-04-13 00:03:46
100008000,0.000200000000000,1,2024-04-13 00:03:46
100011000,0.004600000000000,1,2024-04-13 00:03:46
100012000,0.293200000000000,1,2024-04-13 00:03:46
99960000,0.017300000000000,0,2024-04-13 00:03:51
99956000,0.002700000000000,0,2024-04-13 00:03:51
99955000,0.042500000000000,0,2024-04-13 00:03:51
99946000,0.003100000000000,0,2024-04-13 00:03:51
99932000,0.056900000000000,0,2024-04-13 00:03:51
100004000,0.143500000000000,1,2024-04-13 00:03:51
100006000,0.016200000000000,1,2024-04-13 00:03:51
100008000,0.000200000000000,1,2024-04-13 00:03:51
100011000,0.297600000000000,1,2024-04-13 00:03:51
100012000,0.000200000000000,1,2024-04-13 00:03:51
99955000,0.000000000000000,0,2024-04-13 00:03:57
99950000,0.000700000000000,0,2024-04-13 00:03:57
99946000,0.003200000000000,0,2024-04-13 00:03:57
99932000,0.056900000000000,0,2024-04-13 00:03:57
99931000,0.300000000000000,0,2024-04-13 00:03:57
100004000,0.140000000000000,1,2024-04-13 00:03:57
100008000,0.000200000000000,1,2024-04-13 00:03:57
100011000,0.297600000000000,1,2024-04-13 00:03:57
100012000,0.000200000000000,1,2024-04-13 00:03:57
100016000,0.021400000000000,1,2024-04-13 00:03:57
99932000,0.000100000000000,0,2024-04-13 00:04:02
99931000,0.000000000000000,0,2024-04-13 00:04:02
99928000,0.024600000000000,0,2024-04-13 00:04:02
99927000,0.056600000000000,0,2024-04-13 00:04:02
99926000,0.052800000000000,0,2024-04-13 00:04:02
100004000,0.098600000000000,1,2024-04-13 00:04:02
100008000,0.000200000000000,1,2024-04-13 00:04:02
100011000,0.004600000000000,1,2024-04-13 00:04:02
100012000,0.000200000000000,1,2024-04-13 00:04:02
100016000,0.028100000000000,1,2024-04-13 00:04:02
99905000,0.000300000000000,0,2024-04-13 00:04:07
99901000,0.020000000000000,0,2024-04-13 00:04:07
99900000,0.061800000000000,0,2024-04-13 00:04:07
99899000,0.010000000000000,0,2024-04-13 00:04:07
99893000,0.002100000000000,0,2024-04-13 00:04:07
99956000,0.021900000000000,1,2024-04-13 00:04:07
99957000,0.004600000000000,1,2024-04-13 00:04:07
99963000,0.058600000000000,1,2024-04-13 00:04:07
100002000,0.062800000000000,1,2024-04-13 00:04:07
100003000,0.099800000000000,1,2024-04-13 00:04:07
99902000,0.054300000000000,0,2024-04-13 00:04:12
99900000,0.061800000000000,0,2024-04-13 00:04:12
99899000,0.010000000000000,0,2024-04-13 00:04:12
99895000,0.007700000000000,0,2024-04-13 00:04:12
99893000,0.002100000000000,0,2024-04-13 00:04:12
99981000,0.058800000000000,1,2024-04-13 00:04:12
99982000,0.099800000000000,1,2024-04-13 00:04:12
99984000,0.001200000000000,1,2024-04-13 00:04:12
100002000,0.062800000000000,1,2024-04-13 00:04:12
100003000,0.000200000000000,1,2024-04-13 00:04:12
99901000,0.000000000000000,0,2024-04-13 00:04:17
99900000,0.081800000000000,0,2024-04-13 00:04:17
99899000,0.010100000000000,0,2024-04-13 00:04:17
99893000,0.002100000000000,0,2024-04-13 00:04:17
99892000,0.021700000000000,0,2024-04-13 00:04:17
99945000,0.002000000000000,1,2024-04-13 00:04:17
99946000,0.001500000000000,1,2024-04-13 00:04:17
99955000,0.087100000000000,1,2024-04-13 00:04:17
99960000,0.063000000000000,1,2024-04-13 00:04:17
99981000,0.058800000000000,1,2024-04-13 00:04:17
99900000,0.076900000000000,0,2024-04-13 00:04:22
99899000,0.020300000000000,0,2024-04-13 00:04:22
99893000,0.002100000000000,0,2024-04-13 00:04:22
99892000,0.021700000000000,0,2024-04-13 00:04:22
99890000,0.007400000000000,0,2024-04-13 00:04:22
99923000,0.099800000000000,1,2024-04-13 00:04:22
99941000,0.274500000000000,1,2024-04-13 00:04:22
99942000,0.000900000000000,1,2024-04-13 00:04:22
99954000,0.061500000000000,1,2024-04-13 00:04:22
99960000,0.963000000000000,1,2024-04-13 00:04:22
99923000,0.100600000000000,0,2024-04-13 00:04:27
99901000,0.020100000000000,0,2024-04-13 00:04:27
99900000,0.076900000000000,0,2024-04-13 00:04:27
99899000,0.020300000000000,0,2024-04-13 00:04:27
99893000,0.002100000000000,0,2024-04-13 00:04:27
99954000,0.055900000000000,1,2024-04-13 00:04:27
99955000,0.293000000000000,1,2024-04-13 00:04:27
99979000,0.099800000000000,1,2024-04-13 00:04:27
99980000,0.063400000000000,1,2024-04-13 00:04:27
99981000,0.958800000000000,1,2024-04-13 00:04:27
99923000,0.002300000000000,0,2024-04-13 00:04:32
99910000,0.000000000000000,0,2024-04-13 00:04:32
99901000,0.042900000000000,0,2024-04-13 00:04:32
99900000,0.087500000000000,0,2024-04-13 00:04:32
99899000,0.020300000000000,0,2024-04-13 00:04:32
99957000,0.099800000000000,1,2024-04-13 00:04:32
99975000,0.293000000000000,1,2024-04-13 00:04:32
99980000,0.063400000000000,1,2024-04-13 00:04:32
100000000,1.299400000000000,1,2024-04-13 00:04:32
100002000,1.863000000000000,1,2024-04-13 00:04:32
99923000,0.007800000000000,0,2024-04-13 00:04:37
99910000,0.000000000000000,0,2024-04-13 00:04:37
99905000,0.293000000000000,0,2024-04-13 00:04:37
99901000,0.042900000000000,0,2024-04-13 00:04:37
99900000,0.097900000000000,0,2024-04-13 00:04:37
99986000,0.287900000000000,1,2024-04-13 00:04:37
100000000,0.399400000000000,1,2024-04-13 00:04:37
100002000,0.063000000000000,1,2024-04-13 00:04:37
100003000,0.000200000000000,1,2024-04-13 00:04:37
100004000,0.098600000000000,1,2024-04-13 00:04:37
99923000,0.002200000000000,0,2024-04-13 00:04:42
99910000,0.000000000000000,0,2024-04-13 00:04:42
99905000,0.293300000000000,0,2024-04-13 00:04:42
99901000,0.042900000000000,0,2024-04-13 00:04:42
99900000,0.107900000000000,0,2024-04-13 00:04:42
99985000,0.098700000000000,1,2024-04-13 00:04:42
99986000,0.287900000000000,1,2024-04-13 00:04:42
100000000,0.399400000000000,1,2024-04-13 00:04:42
100002000,0.063000000000000,1,2024-04-13 00:04:42
100003000,0.000200000000000,1,2024-04-13 00:04:42
99910000,0.000000000000000,0,2024-04-13 00:04:48
99905000,0.000300000000000,0,2024-04-13 00:04:48
99901000,0.042900000000000,0,2024-04-13 00:04:48
99900000,0.117900000000000,0,2024-04-13 00:04:48
99899000,0.020300000000000,0,2024-04-13 00:04:48
99924000,0.094100000000000,1,2024-04-13 00:04:48
99964000,0.293000000000000,1,2024-04-13 00:04:48
99981000,0.062000000000000,1,2024-04-13 00:04:48
100000000,0.399400000000000,1,2024-04-13 00:04:48
100002000,0.063000000000000,1,2024-04-13 00:04:48
99901000,0.000000000000000,0,2024-04-13 00:04:53
99900000,0.018100000000000,0,2024-04-13 00:04:53
99899000,0.020100000000000,0,2024-04-13 00:04:53
99893000,0.002100000000000,0,2024-04-13 00:04:53
99892000,0.021700000000000,0,2024-04-13 00:04:53
99924000,0.094100000000000,1,2024-04-13 00:04:53
99957000,0.056700000000000,1,2024-04-13 00:04:53
99964000,0.293200000000000,1,2024-04-13 00:04:53
99981000,0.062000000000000,1,2024-04-13 00:04:53
100000000,0.399400000000000,1,2024-04-13 00:04:53
99888000,0.016300000000000,0,2024-04-13 00:04:58
99887000,0.005200000000000,0,2024-04-13 00:04:58
99883000,0.003600000000000,0,2024-04-13 00:04:58
99882000,0.000200000000000,0,2024-04-13 00:04:58
99881000,0.005000000000000,0,2024-04-13 00:04:58
99924000,0.293100000000000,1,2024-04-13 00:04:58
99934000,0.063700000000000,1,2024-04-13 00:04:58
99957000,0.956700000000000,1,2024-04-13 00:04:58
99964000,0.000200000000000,1,2024-04-13 00:04:58
99981000,0.062000000000000,1,2024-04-13 00:04:58
99888000,0.000000000000000,0,2024-04-13 00:05:03
99887000,0.005200000000000,0,2024-04-13 00:05:03
99883000,0.003600000000000,0,2024-04-13 00:05:03
99882000,0.000200000000000,0,2024-04-13 00:05:03
99881000,0.025000000000000,0,2024-04-13 00:05:03
99923000,0.099900000000000,1,2024-04-13 00:05:03
99924000,0.193100000000000,1,2024-04-13 00:05:03
99934000,0.063700000000000,1,2024-04-13 00:05:03
99957000,0.056700000000000,1,2024-04-13 00:05:03
99964000,0.000200000000000,1,2024-04-13 00:05:03
99883000,0.010100000000000,0,2024-04-13 00:05:08
99882000,0.000200000000000,0,2024-04-13 00:05:08
99881000,0.151300000000000,0,2024-04-13 00:05:08
99880000,0.187400000000000,0,2024-04-13 00:05:08
99879000,0.040500000000000,0,2024-04-13 00:05:08
99923000,0.099900000000000,1,2024-04-13 00:05:08
99924000,0.193300000000000,1,2024-04-13 00:05:08
99934000,0.063700000000000,1,2024-04-13 00:05:08
99950000,0.293000000000000,1,2024-04-13 00:05:08
99957000,0.056700000000000,1,2024-04-13 00:05:08
99883000,0.010100000000000,0,2024-04-13 00:05:13
99882000,0.022200000000000,0,2024-04-13 00:05:13
99881000,0.151300000000000,0,2024-04-13 00:05:13
99880000,0.197400000000000,0,2024-04-13 00:05:13
99879000,0.040500000000000,0,2024-04-13 00:05:13
99923000,0.049900000000000,1,2024-04-13 00:05:13
99924000,0.193300000000000,1,2024-04-13 00:05:13
99950000,0.293000000000000,1,2024-04-13 00:05:13
99957000,0.056700000000000,1,2024-04-13 00:05:13
99964000,0.000200000000000,1,2024-04-13 00:05:13
99883000,0.020100000000000,0,2024-04-13 00:05:18
99882000,0.022200000000000,0,2024-04-13 00:05:18
99881000,0.151300000000000,0,2024-04-13 00:05:18
99880000,0.227400000000000,0,2024-04-13 00:05:18
99879000,0.040500000000000,0,2024-04-13 00:05:18
99923000,0.044900000000000,1,2024-04-13 00:05:18
99924000,0.193300000000000,1,2024-04-13 00:05:18
99957000,0.056700000000000,1,2024-04-13 00:05:18
99964000,0.000200000000000,1,2024-04-13 00:05:18
99981000,0.962000000000000,1,2024-04-13 00:05:18
99889000,0.019800000000000,0,2024-04-13 00:05:23
99886000,0.018900000000000,0,2024-04-13 00:05:23
99884000,0.093000000000000,0,2024-04-13 00:05:23
99883000,0.025200000000000,0,2024-04-13 00:05:23
99882000,0.051000000000000,0,2024-04-13 00:05:23
99923000,0.044900000000000,1,2024-04-13 00:05:23
99924000,0.193300000000000,1,2024-04-13 00:05:23
99957000,0.056700000000000,1,2024-04-13 00:05:23
99964000,0.000200000000000,1,2024-04-13 00:05:23
99981000,0.062000000000000,1,2024-04-13 00:05:23
99893000,0.010000000000000,0,2024-04-13 00:05:28
99889000,0.293200000000000,0,2024-04-13 00:05:28
99883000,0.025200000000000,0,2024-04-13 00:05:28
99882000,0.002200000000000,0,2024-04-13 00:05:28
99881000,0.151500000000000,0,2024-04-13 00:05:28
99923000,0.094900000000000,1,2024-04-13 00:05:28
99924000,0.193300000000000,1,2024-04-13 00:05:28
99957000,0.056700000000000,1,2024-04-13 00:05:28
99964000,0.000200000000000,1,2024-04-13 00:05:28
99981000,0.062000000000000,1,2024-04-13 00:05:28
99893000,0.010000000000000,0,2024-04-13 00:05:33
99890000,0.020000000000000,0,2024-04-13 00:05:33
99889000,0.303200000000000,0,2024-04-13 00:05:33
99884000,0.019800000000000,0,2024-04-13 00:05:33
99883000,0.025200000000000,0,2024-04-13 00:05:33
99922000,0.099900000000000,1,2024-04-13 00:05:33
99923000,0.094900000000000,1,2024-04-13 00:05:33
99924000,0.000200000000000,1,2024-04-13 00:05:33
99957000,0.056700000000000,1,2024-04-13 00:05:33
99964000,0.000200000000000,1,2024-04-13 00:05:33
99893000,0.012700000000000,0,2024-04-13 00:05:39
99890000,0.030000000000000,0,2024-04-13 00:05:39
99889000,0.303200000000000,0,2024-04-13 00:05:39
99884000,0.019800000000000,0,2024-04-13 00:05:39
99883000,0.025200000000000,0,2024-04-13 00:05:39
99922000,0.093900000000000,1,2024-04-13 00:05:39
99923000,0.094900000000000,1,2024-04-13 00:05:39
99924000,0.000200000000000,1,2024-04-13 00:05:39
99957000,0.056700000000000,1,2024-04-13 00:05:39
99964000,0.000200000000000,1,2024-04-13 00:05:39
99893000,0.011000000000000,0,2024-04-13 00:05:44
99890000,0.030000000000000,0,2024-04-13 00:05:44
99889000,0.303200000000000,0,2024-04-13 00:05:44
99883000,0.025200000000000,0,2024-04-13 00:05:44
99882000,0.002200000000000,0,2024-04-13 00:05:44
99922000,0.069900000000000,1,2024-04-13 00:05:44
99923000,0.094900000000000,1,2024-04-13 00:05:44
99924000,0.000200000000000,1,2024-04-13 00:05:44
99957000,0.056700000000000,1,2024-04-13 00:05:44
99964000,0.900200000000000,1,2024-04-13 00:05:44
99893000,0.011000000000000,0,2024-04-13 00:05:49
99890000,0.010000000000000,0,2024-04-13 00:05:49
99889000,0.020200000000000,0,2024-04-13 00:05:49
99883000,0.025200000000000,0,2024-04-13 00:05:49
99882000,0.002200000000000,0,2024-04-13 00:05:49
99922000,0.099900000000000,1,2024-04-13 00:05:49
99923000,0.094800000000000,1,2024-04-13 00:05:49
99924000,0.000200000000000,1,2024-04-13 00:05:49
99957000,0.056700000000000,1,2024-04-13 00:05:49
99964000,0.000200000000000,1,2024-04-13 00:05:49
99893000,0.062500000000000,0,2024-04-13 00:05:54
99890000,0.010000000000000,0,2024-04-13 00:05:54
99889000,0.020200000000000,0,2024-04-13 00:05:54
99883000,0.025200000000000,0,2024-04-13 00:05:54
99882000,0.002200000000000,0,2024-04-13 00:05:54
99922000,0.083200000000000,1,2024-04-13 00:05:54
99923000,0.094800000000000,1,2024-04-13 00:05:54
99924000,0.003100000000000,1,2024-04-13 00:05:54
99957000,0.056700000000000,1,2024-04-13 00:05:54
99964000,0.000200000000000,1,2024-04-13 00:05:54
99893000,0.083500000000000,0,2024-04-13 00:05:59
99890000,0.010000000000000,0,2024-04-13 00:05:59
99889000,0.020200000000000,0,2024-04-13 00:05:59
99884000,0.019800000000000,0,2024-04-13 00:05:59
99883000,0.035200000000000,0,2024-04-13 00:05:59
99921000,0.000100000000000,1,2024-04-13 00:05:59
99922000,0.041100000000000,1,2024-04-13 00:05:59
99923000,0.094800000000000,1,2024-04-13 00:05:59
99924000,0.003100000000000,1,2024-04-13 00:05:59
99957000,0.056700000000000,1,2024-04-13 00:05:59
99893000,0.041200000000000,0,2024-04-13 00:06:04
99891000,0.002000000000000,0,2024-04-13 00:06:04
99890000,0.010000000000000,0,2024-04-13 00:06:04
99889000,0.020200000000000,0,2024-04-13 00:06:04
99883000,0.045200000000000,0,2024-04-13 00:06:04
99923000,0.094800000000000,1,2024-04-13 00:06:04
99924000,0.003100000000000,1,2024-04-13 00:06:04
99957000,0.056700000000000,1,2024-04-13 00:06:04
99964000,0.000200000000000,1,2024-04-13 00:06:04
99981000,0.962000000000000,1,2024-04-13 00:06:04
99928000,0.004700000000000,0,2024-04-13 00:06:09
99927000,0.003400000000000,0,2024-04-13 00:06:09
99925000,0.104000000000000,0,2024-04-13 00:06:09
99924000,0.021000000000000,0,2024-04-13 00:06:09
99923000,0.100100000000000,0,2024-04-13 00:06:09
99964000,0.100000000000000,1,2024-04-13 00:06:09
100000000,0.437900000000000,1,2024-04-13 00:06:09
100002000,0.000200000000000,1,2024-04-13 00:06:09
100003000,0.000200000000000,1,2024-04-13 00:06:09
100004000,0.000200000000000,1,2024-04-13 00:06:09
99982000,0.051800000000000,0,2024-04-13 00:06:14
99981000,0.083300000000000,0,2024-04-13 00:06:14
99980000,0.129000000000000,0,2024-04-13 00:06:14
99977000,0.029900000000000,0,2024-04-13 00:06:14
99975000,0.011100000000000,0,2024-04-13 00:06:14
99985000,0.058600000000000,1,2024-04-13 00:06:14
100000000,0.437900000000000,1,2024-04-13 00:06:14
100002000,0.000200000000000,1,2024-04-13 00:06:14
100003000,0.000200000000000,1,2024-04-13 00:06:14
100004000,0.000200000000000,1,2024-04-13 00:06:14
99999000,0.015300000000000,0,2024-04-13 00:06:19
99998000,0.048100000000000,0,2024-04-13 00:06:19
99992000,0.030900000000000,0,2024-04-13 00:06:19
99991000,0.027000000000000,0,2024-04-13 00:06:19
99989000,0.043800000000000,0,2024-04-13 00:06:19
100000000,0.088600000000000,1,2024-04-13 00:06:19
100002000,0.000200000000000,1,2024-04-13 00:06:19
100003000,0.000200000000000,1,2024-04-13 00:06:19
100004000,0.000200000000000,1,2024-04-13 00:06:19
100008000,0.000200000000000,1,2024-04-13 00:06:19
100003000,0.000000000000000,0,2024-04-13 00:06:25
99999000,0.001300000000000,0,2024-04-13 00:06:25
99963000,0.000200000000000,0,2024-04-13 00:06:25
99943000,0.000200000000000,0,2024-04-13 00:06:25
99941000,0.015200000000000,0,2024-04-13 00:06:25
100004000,0.058200000000000,1,2024-04-13 00:06:25
100006000,0.000100000000000,1,2024-04-13 00:06:25
100008000,0.000200000000000,1,2024-04-13 00:06:25
100013000,0.001900000000000,1,2024-04-13 00:06:25
100020000,0.000100000000000,1,2024-04-13 00:06:25
99999000,0.000000000000000,0,2024-04-13 00:06:30
99991000,0.000500000000000,0,2024-04-13 00:06:30
99963000,0.000200000000000,0,2024-04-13 00:06:30
99950000,0.000200000000000,0,2024-04-13 00:06:30
99949000,0.060200000000000,0,2024-04-13 00:06:30
100004000,0.000400000000000,1,2024-04-13 00:06:30
100008000,0.000200000000000,1,2024-04-13 00:06:30
100009000,0.000100000000000,1,2024-04-13 00:06:30
100016000,0.001900000000000,1,2024-04-13 00:06:30
100020000,0.000100000000000,1,2024-04-13 00:06:30
99991000,0.000700000000000,0,2024-04-13 00:06:35
99963000,0.000200000000000,0,2024-04-13 00:06:35
99950000,0.001100000000000,0,2024-04-13 00:06:35
99932000,0.084100000000000,0,2024-04-13 00:06:35
99931000,0.016900000000000,0,2024-04-13 00:06:35
99996000,0.000000000000000,1,2024-04-13 00:06:35
100003000,0.000300000000000,1,2024-04-13 00:06:35
100008000,0.000200000000000,1,2024-04-13 00:06:35
100013000,0.054100000000000,1,2024-04-13 00:06:35
100014000,0.024800000000000,1,2024-04-13 00:06:35
99999000,0.000200000000000,0,2024-04-13 00:06:40
99991000,0.000500000000000,0,2024-04-13 00:06:40
99963000,0.000200000000000,0,2024-04-13 00:06:40
99954000,0.057300000000000,0,2024-04-13 00:06:40
99950000,0.001100000000000,0,2024-04-13 00:06:40
100021000,0.603300000000000,1,2024-04-13 00:06:40
100022000,0.060200000000000,1,2024-04-13 00:06:40
100023000,0.163400000000000,1,2024-04-13 00:06:40
100024000,0.031500000000000,1,2024-04-13 00:06:40
100027000,0.020300000000000,1,2024-04-13 00:06:40
100013000,0.000100000000000,0,2024-04-13 00:06:45
100012000,0.047900000000000,0,2024-04-13 00:06:45
100011000,0.000100000000000,0,2024-04-13 00:06:45
100006000,0.010800000000000,0,2024-04-13 00:06:45
100005000,0.047100000000000,0,2024-04-13 00:06:45
100021000,0.584600000000000,1,2024-04-13 00:06:45
100023000,0.163400000000000,1,2024-04-13 00:06:45
100024000,0.099800000000000,1,2024-04-13 00:06:45
100033000,0.000100000000000,1,2024-04-13 00:06:45
100050000,0.365000000000000,1,2024-04-13 00:06:45
100008000,0.002200000000000,0,2024-04-13 00:06:50
100005000,0.037800000000000,0,2024-04-13 00:06:50
100002000,0.024300000000000,0,2024-04-13 00:06:50
99999000,0.000000000000000,0,2024-04-13 00:06:50
99998000,0.000200000000000,0,2024-04-13 00:06:50
100021000,0.512600000000000,1,2024-04-13 00:06:50
100023000,0.163400000000000,1,2024-04-13 00:06:50
100033000,0.000100000000000,1,2024-04-13 00:06:50
100050000,0.365000000000000,1,2024-04-13 00:06:50
100057000,0.102400000000000,1,2024-04-13 00:06:50
100044000,0.020100000000000,0,2024-04-13 00:06:55
100043000,0.053600000000000,0,2024-04-13 00:06:55
100042000,0.000100000000000,0,2024-04-13 00:06:55
100041000,0.000200000000000,0,2024-04-13 00:06:55
100036000,0.000400000000000,0,2024-04-13 00:06:55
100050000,0.053900000000000,1,2024-04-13 00:06:55
100057000,0.102400000000000,1,2024-04-13 00:06:55
100058000,0.077400000000000,1,2024-04-13 00:06:55
100059000,0.000600000000000,1,2024-04-13 00:06:55
100060000,0.000300000000000,1,2024-04-13 00:06:55
100043000,0.106500000000000,0,2024-04-13 00:07:00
100042000,0.000100000000000,0,2024-04-13 00:07:00
100041000,0.000200000000000,0,2024-04-13 00:07:00
100036000,0.000400000000000,0,2024-04-13 00:07:00
100029000,0.001000000000000,0,2024-04-13 00:07:00
100057000,0.017000000000000,1,2024-04-13 00:07:00
100058000,0.077400000000000,1,2024-04-13 00:07:00
100059000,0.000600000000000,1,2024-04-13 00:07:00
100060000,0.000300000000000,1,2024-04-13 00:07:00
100068000,0.001000000000000,1,2024-04-13 00:07:00
100044000,0.052200000000000,0,2024-04-13 00:07:05
100043000,0.014300000000000,0,2024-04-13 00:07:05
100036000,0.001300000000000,0,2024-04-13 00:07:05
100022000,0.059400000000000,0,2024-04-13 00:07:05
100012000,0.000200000000000,0,2024-04-13 00:07:05
100119000,0.007700000000000,1,2024-04-13 00:07:05
100120000,0.000200000000000,1,2024-04-13 00:07:05
100122000,0.029500000000000,1,2024-04-13 00:07:05
100123000,0.000200000000000,1,2024-04-13 00:07:05
100124000,0.031600000000000,1,2024-04-13 00:07:05
100043000,0.000200000000000,0,2024-04-13 00:07:11
100040000,0.000300000000000,0,2024-04-13 00:07:11
100024000,0.200000000000000,0,2024-04-13 00:07:11
100023000,0.020000000000000,0,2024-04-13 00:07:11
100012000,0.000200000000000,0,2024-04-13 00:07:11
100091000,0.085400000000000,1,2024-04-13 00:07:11
100092000,0.027500000000000,1,2024-04-13 00:07:11
100094000,0.006000000000000,1,2024-04-13 00:07:11
100095000,0.009100000000000,1,2024-04-13 00:07:11
100102000,0.112800000000000,1,2024-04-13 00:07:11
100043000,0.046000000000000,0,2024-04-13 00:07:16
100040000,0.000300000000000,0,2024-04-13 00:07:16
100024000,0.000200000000000,0,2024-04-13 00:07:16
100008000,0.002200000000000,0,2024-04-13 00:07:16
100000000,0.062600000000000,0,2024-04-13 00:07:16
100056000,0.000000000000000,1,2024-04-13 00:07:16
100063000,0.009500000000000,1,2024-04-13 00:07:16
100065000,0.050900000000000,1,2024-04-13 00:07:16
100067000,0.022200000000000,1,2024-04-13 00:07:16
100068000,0.026800000000000,1,2024-04-13 00:07:16
100043000,0.035100000000000,0,2024-04-13 00:07:21
100040000,0.000300000000000,0,2024-04-13 00:07:21
100033000,0.061200000000000,0,2024-04-13 00:07:21
100024000,0.000200000000000,0,2024-04-13 00:07:21
100018000,0.076600000000000,0,2024-04-13 00:07:21
100090000,0.099700000000000,1,2024-04-13 00:07:21
100091000,0.000200000000000,1,2024-04-13 00:07:21
100104000,0.009500000000000,1,2024-04-13 00:07:21
100106000,0.030900000000000,1,2024-04-13 00:07:21
100107000,0.022200000000000,1,2024-04-13 00:07:21
100043000,0.000000000000000,0,2024-04-13 00:07:26
100040000,0.000300000000000,0,2024-04-13 00:07:26
100033000,0.061200000000000,0,2024-04-13 00:07:26
100024000,0.000200000000000,0,2024-04-13 00:07:26
100017000,0.031500000000000,0,2024-04-13 00:07:26
100090000,0.020100000000000,1,2024-04-13 00:07:26
100091000,0.000300000000000,1,2024-04-13 00:07:26
100104000,0.009500000000000,1,2024-04-13 00:07:26
100106000,0.030900000000000,1,2024-04-13 00:07:26
100107000,0.022200000000000,1,2024-04-13 00:07:26
100060000,0.000800000000000,0,2024-04-13 00:07:31
100043000,0.000000000000000,0,2024-04-13 00:07:31
100040000,0.000300000000000,0,2024-04-13 00:07:31
100034000,0.200200000000000,0,2024-04-13 00:07:31
100033000,0.061200000000000,0,2024-04-13 00:07:31
100104000,0.002700000000000,1,2024-04-13 00:07:31
100106000,0.030900000000000,1,2024-04-13 00:07:31
100107000,0.022200000000000,1,2024-04-13 00:07:31
100109000,0.026800000000000,1,2024-04-13 00:07:31
100110000,0.009100000000000,1,2024-04-13 00:07:31
100105000,0.000100000000000,0,2024-04-13 00:07:36
100062000,0.293200000000000,0,2024-04-13 00:07:36
100060000,0.000900000000000,0,2024-04-13 00:07:36
100058000,0.010500000000000,0,2024-04-13 00:07:36
100056000,0.064400000000000,0,2024-04-13 00:07:36
100120000,0.022200000000000,1,2024-04-13 00:07:36
100121000,0.026800000000000,1,2024-04-13 00:07:36
100122000,0.009100000000000,1,2024-04-13 00:07:36
100124000,0.029200000000000,1,2024-04-13 00:07:36
100128000,0.008000000000000,1,2024-04-13 00:07:36
100062000,0.000900000000000,0,2024-04-13 00:07:41
100060000,0.000800000000000,0,2024-04-13 00:07:41
100043000,0.000000000000000,0,2024-04-13 00:07:41
100040000,0.000300000000000,0,2024-04-13 00:07:41
100033000,0.061200000000000,0,2024-04-13 00:07:41
100095000,0.110200000000000,1,2024-04-13 00:07:41
100097000,0.052600000000000,1,2024-04-13 00:07:41
100099000,0.031500000000000,1,2024-04-13 00:07:41
100100000,0.017300000000000,1,2024-04-13 00:07:41
100102000,0.024000000000000,1,2024-04-13 00:07:41
100062000,0.100000000000000,0,2024-04-13 00:07:46
100043000,0.000200000000000,0,2024-04-13 00:07:46
100040000,0.000300000000000,0,2024-04-13 00:07:46
100034000,0.000200000000000,0,2024-04-13 00:07:46
100024000,0.000400000000000,0,2024-04-13 00:07:46
100070000,0.010900000000000,1,2024-04-13 00:07:46
100071000,0.024000000000000,1,2024-04-13 00:07:46
100076000,0.010800000000000,1,2024-04-13 00:07:46
100078000,0.034100000000000,1,2024-04-13 00:07:46
100080000,0.055600000000000,1,2024-04-13 00:07:46
100043000,0.005200000000000,0,2024-04-13 00:07:52
100040000,0.000300000000000,0,2024-04-13 00:07:52
100034000,0.000200000000000,0,2024-04-13 00:07:52
100024000,0.000400000000000,0,2024-04-13 00:07:52
100008000,0.002700000000000,0,2024-04-13 00:07:52
100056000,0.098700000000000,1,2024-04-13 00:07:52
100057000,0.006400000000000,1,2024-04-13 00:07:52
100060000,0.009300000000000,1,2024-04-13 00:07:52
100062000,0.055600000000000,1,2024-04-13 00:07:52
100063000,0.036900000000000,1,2024-04-13 00:07:52
100043000,0.000100000000000,0,2024-04-13 00:07:57
100040000,0.000300000000000,0,2024-04-13 00:07:57
100034000,0.000200000000000,0,2024-04-13 00:07:57
100024000,0.000400000000000,0,2024-04-13 00:07:57
100008000,0.002700000000000,0,2024-04-13 00:07:57
100090000,0.024200000000000,1,2024-04-13 00:07:57
100092000,0.000600000000000,1,2024-04-13 00:07:57
100093000,0.021300000000000,1,2024-04-13 00:07:57
100096000,0.081800000000000,1,2024-04-13 00:07:57
100097000,0.060000000000000,1,2024-04-13 00:07:57
100024000,0.000100000000000,0,2024-04-13 00:08:02
100021000,0.058600000000000,0,2024-04-13 00:08:02
100008000,0.002700000000000,0,2024-04-13 00:08:02
100007000,0.019700000000000,0,2024-04-13 00:08:02
100006000,0.005700000000000,0,2024-04-13 00:08:02
100089000,0.099800000000000,1,2024-04-13 00:08:02
100092000,0.000600000000000,1,2024-04-13 00:08:02
100096000,0.024300000000000,1,2024-04-13 00:08:02
100097000,0.000200000000000,1,2024-04-13 00:08:02
100098000,0.021300000000000,1,2024-04-13 00:08:02
100046000,0.156200000000000,0,2024-04-13 00:08:07
100045000,0.054300000000000,0,2024-04-13 00:08:07
100044000,0.064300000000000,0,2024-04-13 00:08:07
100043000,0.069100000000000,0,2024-04-13 00:08:07
100042000,0.036600000000000,0,2024-04-13 00:08:07
100130000,0.099700000000000,1,2024-04-13 00:08:07
100131000,0.020400000000000,1,2024-04-13 00:08:07
100132000,0.021300000000000,1,2024-04-13 00:08:07
100133000,0.023700000000000,1,2024-04-13 00:08:07
100139000,0.002600000000000,1,2024-04-13 00:08:07
100052000,0.000100000000000,0,2024-04-13 00:08:12
100049000,0.101000000000000,0,2024-04-13 00:08:12
100048000,0.063400000000000,0,2024-04-13 00:08:12
100046000,0.055400000000000,0,2024-04-13 00:08:12
100045000,0.000200000000000,0,2024-04-13 00:08:12
100130000,0.099700000000000,1,2024-04-13 00:08:12
100131000,0.020400000000000,1,2024-04-13 00:08:12
100132000,0.021300000000000,1,2024-04-13 00:08:12
100133000,0.023700000000000,1,2024-04-13 00:08:12
100139000,0.002600000000000,1,2024-04-13 00:08:12
100100000,0.000500000000000,0,2024-04-13 00:08:17
100054000,0.101000000000000,0,2024-04-13 00:08:17
100053000,0.091500000000000,0,2024-04-13 00:08:17
100048000,0.063600000000000,0,2024-04-13 00:08:17
100046000,0.055400000000000,0,2024-04-13 00:08:17
100130000,0.099700000000000,1,2024-04-13 00:08:17
100131000,0.020400000000000,1,2024-04-13 00:08:17
100132000,0.021300000000000,1,2024-04-13 00:08:17
100133000,0.023700000000000,1,2024-04-13 00:08:17
100139000,0.002600000000000,1,2024-04-13 00:08:17
100100000,0.000500000000000,0,2024-04-13 00:08:22
100049000,0.101000000000000,0,2024-04-13 00:08:22
100048000,0.063600000000000,0,2024-04-13 00:08:22
100046000,0.055400000000000,0,2024-04-13 00:08:22
100044000,0.000100000000000,0,2024-04-13 00:08:22
100130000,0.099700000000000,1,2024-04-13 00:08:22
100131000,0.020400000000000,1,2024-04-13 00:08:22
100132000,0.021300000000000,1,2024-04-13 00:08:22
100133000,0.023700000000000,1,2024-04-13 00:08:22
100139000,0.002600000000000,1,2024-04-13 00:08:22
100100000,0.000100000000000,0,2024-04-13 00:08:27
100049000,0.101000000000000,0,2024-04-13 00:08:27
100048000,0.063600000000000,0,2024-04-13 00:08:27
100046000,0.055400000000000,0,2024-04-13 00:08:27
100044000,0.000100000000000,0,2024-04-13 00:08:27
100112000,0.000200000000000,1,2024-04-13 00:08:27
100117000,0.099700000000000,1,2024-04-13 00:08:27
100131000,0.020400000000000,1,2024-04-13 00:08:27
100132000,0.021300000000000,1,2024-04-13 00:08:27
100133000,0.023700000000000,1,2024-04-13 00:08:27
100055000,0.091500000000000,0,2024-04-13 00:08:32
100048000,0.063600000000000,0,2024-04-13 00:08:32
100046000,0.055200000000000,0,2024-04-13 00:08:32
100043000,0.023500000000000,0,2024-04-13 00:08:32
100042000,0.019800000000000,0,2024-04-13 00:08:32
100112000,0.000200000000000,1,2024-04-13 00:08:32
100130000,0.068400000000000,1,2024-04-13 00:08:32
100131000,0.020400000000000,1,2024-04-13 00:08:32
100132000,0.021300000000000,1,2024-04-13 00:08:32
100133000,0.023700000000000,1,2024-04-13 00:08:32
100131000,0.094400000000000,0,2024-04-13 00:08:37
100096000,0.000200000000000,0,2024-04-13 00:08:37
100055000,0.091600000000000,0,2024-04-13 00:08:37
100048000,0.063600000000000,0,2024-04-13 00:08:37
100046000,0.055200000000000,0,2024-04-13 00:08:37
100132000,0.121000000000000,1,2024-04-13 00:08:37
100133000,0.023700000000000,1,2024-04-13 00:08:37
100139000,0.002600000000000,1,2024-04-13 00:08:37
100140000,0.061400000000000,1,2024-04-13 00:08:37
100141000,0.000800000000000,1,2024-04-13 00:08:37
100096000,0.000800000000000,0,2024-04-13 00:08:43
100084000,0.000100000000000,0,2024-04-13 00:08:43
100051000,0.104900000000000,0,2024-04-13 00:08:43
100050000,0.220000000000000,0,2024-04-13 00:08:43
100048000,0.063400000000000,0,2024-04-13 00:08:43
100130000,0.097700000000000,1,2024-04-13 00:08:43
100132000,0.021200000000000,1,2024-04-13 00:08:43
100133000,0.023700000000000,1,2024-04-13 00:08:43
100139000,0.002600000000000,1,2024-04-13 00:08:43
100140000,0.061400000000000,1,2024-04-13 00:08:43
100097000,0.000100000000000,0,2024-04-13 00:08:48
100096000,0.000200000000000,0,2024-04-13 00:08:48
100084000,0.003000000000000,0,2024-04-13 00:08:48
100051000,0.104900000000000,0,2024-04-13 00:08:48
100050000,0.000200000000000,0,2024-04-13 00:08:48
100130000,0.097700000000000,1,2024-04-13 00:08:48
100132000,0.021200000000000,1,2024-04-13 00:08:48
100133000,0.023700000000000,1,2024-04-13 00:08:48
100139000,0.002600000000000,1,2024-04-13 00:08:48
100140000,0.061400000000000,1,2024-04-13 00:08:48
100096000,0.000200000000000,0,2024-04-13 00:08:53
100084000,0.003000000000000,0,2024-04-13 00:08:53
100053000,0.104900000000000,0,2024-04-13 00:08:53
100052000,0.091700000000000,0,2024-04-13 00:08:53
100049000,0.006300000000000,0,2024-04-13 00:08:53
100129000,0.020300000000000,1,2024-04-13 00:08:53
100139000,0.002600000000000,1,2024-04-13 00:08:53
100140000,0.061400000000000,1,2024-04-13 00:08:53
100141000,0.000800000000000,1,2024-04-13 00:08:53
100143000,0.023700000000000,1,2024-04-13 00:08:53
100096000,0.000200000000000,0,2024-04-13 00:08:58
100084000,0.003000000000000,0,2024-04-13 00:08:58
100053000,0.111200000000000,0,2024-04-13 00:08:58
100052000,0.037000000000000,0,2024-04-13 00:08:58
100050000,0.020300000000000,0,2024-04-13 00:08:58
100129000,0.020300000000000,1,2024-04-13 00:08:58
100133000,0.099700000000000,1,2024-04-13 00:08:58
100139000,0.002600000000000,1,2024-04-13 00:08:58
100140000,0.061400000000000,1,2024-04-13 00:08:58
100141000,0.000800000000000,1,2024-04-13 00:08:58
100084000,0.003100000000000,0,2024-04-13 00:09:03
100049000,0.220000000000000,0,2024-04-13 00:09:03
100048000,0.063400000000000,0,2024-04-13 00:09:03
100046000,0.055200000000000,0,2024-04-13 00:09:03
100044000,0.104900000000000,0,2024-04-13 00:09:03
100096000,0.000000000000000,1,2024-04-13 00:09:03
100128000,0.099700000000000,1,2024-04-13 00:09:03
100129000,0.020300000000000,1,2024-04-13 00:09:03
100132000,0.021200000000000,1,2024-04-13 00:09:03
100134000,0.023700000000000,1,2024-04-13 00:09:03
100084000,0.000000000000000,0,2024-04-13 00:09:08
100055000,0.091500000000000,0,2024-04-13 00:09:08
100049000,0.000200000000000,0,2024-04-13 00:09:08
100048000,0.063400000000000,0,2024-04-13 00:09:08
100046000,0.055400000000000,0,2024-04-13 00:09:08
100096000,0.099800000000000,1,2024-04-13 00:09:08
100114000,0.000100000000000,1,2024-04-13 00:09:08
100116000,0.044900000000000,1,2024-04-13 00:09:08
100128000,0.010800000000000,1,2024-04-13 00:09:08
100129000,0.020300000000000,1,2024-04-13 00:09:08
100055000,0.000100000000000,0,2024-04-13 00:09:13
100049000,0.000200000000000,0,2024-04-13 00:09:13
100028000,0.079900000000000,0,2024-04-13 00:09:13
100024000,0.000000000000000,0,2024-04-13 00:09:13
100008000,0.002700000000000,0,2024-04-13 00:09:13
100084000,0.000100000000000,1,2024-04-13 00:09:13
100085000,0.044900000000000,1,2024-04-13 00:09:13
100094000,0.010200000000000,1,2024-04-13 00:09:13
100095000,0.065000000000000,1,2024-04-13 00:09:13
100096000,0.075900000000000,1,2024-04-13 00:09:13
100055000,0.000100000000000,0,2024-04-13 00:09:18
100049000,0.000200000000000,0,2024-04-13 00:09:18
100028000,0.079900000000000,0,2024-04-13 00:09:18
100024000,0.000000000000000,0,2024-04-13 00:09:18
100008000,0.002700000000000,0,2024-04-13 00:09:18
100094000,0.010300000000000,1,2024-04-13 00:09:18
100095000,0.065000000000000,1,2024-04-13 00:09:18
100096000,0.099700000000000,1,2024-04-13 00:09:18
100113000,0.063300000000000,1,2024-04-13 00:09:18
100114000,1.800600000000000,1,2024-04-13 00:09:18
100001000,0.020000000000000,0,2024-04-13 00:09:23
100000000,0.062800000000000,0,2024-04-13 00:09:23
99999000,0.000000000000000,0,2024-04-13 00:09:23
99991000,0.103800000000000,0,2024-04-13 00:09:23
99971000,0.055500000000000,0,2024-04-13 00:09:23
100037000,0.023100000000000,1,2024-04-13 00:09:23
100057000,0.010100000000000,1,2024-04-13 00:09:23
100058000,0.059400000000000,1,2024-04-13 00:09:23
100059000,0.099700000000000,1,2024-04-13 00:09:23
100092000,0.900000000000000,1,2024-04-13 00:09:23
99971000,0.000200000000000,0,2024-04-13 00:09:29
99961000,0.003600000000000,0,2024-04-13 00:09:29
99950000,0.022600000000000,0,2024-04-13 00:09:29
99927000,0.293000000000000,0,2024-04-13 00:09:29
99913000,0.058300000000000,0,2024-04-13 00:09:29
99986000,0.020800000000000,1,2024-04-13 00:09:29
100007000,0.036800000000000,1,2024-04-13 00:09:29
100008000,0.293000000000000,1,2024-04-13 00:09:29
100009000,0.000500000000000,1,2024-04-13 00:09:29
100032000,0.056100000000000,1,2024-04-13 00:09:29
99950000,0.020000000000000,0,2024-04-13 00:09:34
99927000,0.293200000000000,0,2024-04-13 00:09:34
99913000,0.058300000000000,0,2024-04-13 00:09:34
99905000,0.017200000000000,0,2024-04-13 00:09:34
99902000,0.367600000000000,0,2024-04-13 00:09:34
99991000,0.129200000000000,1,2024-04-13 00:09:34
99998000,0.054500000000000,1,2024-04-13 00:09:34
100021000,0.063800000000000,1,2024-04-13 00:09:34
100022000,0.099800000000000,1,2024-04-13 00:09:34
100024000,0.293000000000000,1,2024-04-13 00:09:34
99991000,0.000200000000000,0,2024-04-13 00:09:39
99928000,0.000200000000000,0,2024-04-13 00:09:39
99927000,0.293200000000000,0,2024-04-13 00:09:39
99913000,0.058300000000000,0,2024-04-13 00:09:39
99902000,0.293000000000000,0,2024-04-13 00:09:39
100020000,0.099800000000000,1,2024-04-13 00:09:39
100023000,0.055000000000000,1,2024-04-13 00:09:39
100024000,0.293000000000000,1,2024-04-13 00:09:39
100033000,1.918800000000000,1,2024-04-13 00:09:39
100048000,0.293000000000000,1,2024-04-13 00:09:39
99991000,0.000200000000000,0,2024-04-13 00:09:45
99958000,0.065200000000000,0,2024-04-13 00:09:45
99951000,0.293200000000000,0,2024-04-13 00:09:45
99936000,0.057500000000000,0,2024-04-13 00:09:45
99928000,0.000200000000000,0,2024-04-13 00:09:45
100020000,0.099800000000000,1,2024-04-13 00:09:45
100033000,1.018800000000000,1,2024-04-13 00:09:45
100039000,0.293000000000000,1,2024-04-13 00:09:45
100049000,0.065200000000000,1,2024-04-13 00:09:45
100058000,2.700000000000000,1,2024-04-13 00:09:45
99988000,0.000000000000000,0,2024-04-13 00:09:50
99951000,0.293200000000000,0,2024-04-13 00:09:50
99936000,0.057500000000000,0,2024-04-13 00:09:50
99928000,0.000200000000000,0,2024-04-13 00:09:50
99923000,0.017200000000000,0,2024-04-13 00:09:50
100020000,0.099900000000000,1,2024-04-13 00:09:50
100021000,0.000100000000000,1,2024-04-13 00:09:50
100033000,1.018800000000000,1,2024-04-13 00:09:50
100039000,0.293000000000000,1,2024-04-13 00:09:50
100049000,0.065200000000000,1,2024-04-13 00:09:50
99951000,0.292200000000000,0,2024-04-13 00:09:55
99936000,0.057500000000000,0,2024-04-13 00:09:55
99928000,0.000200000000000,0,2024-04-13 00:09:55
99914000,0.017100000000000,0,2024-04-13 00:09:55
99913000,0.058300000000000,0,2024-04-13 00:09:55
99984000,0.046000000000000,1,2024-04-13 00:09:55
100020000,0.077000000000000,1,2024-04-13 00:09:55
100021000,0.000100000000000,1,2024-04-13 00:09:55
100028000,0.058900000000000,1,2024-04-13 00:09:55
100033000,1.018800000000000,1,2024-04-13 00:09:55
99951000,0.292200000000000,0,2024-04-13 00:10:00
99950000,0.010000000000000,0,2024-04-13 00:10:00
99936000,0.057500000000000,0,2024-04-13 00:10:00
99928000,0.000200000000000,0,2024-04-13 00:10:00
99920000,0.017000000000000,0,2024-04-13 00:10:00
99984000,0.000200000000000,1,2024-04-13 00:10:00
100021000,0.000100000000000,1,2024-04-13 00:10:00
100028000,0.058900000000000,1,2024-04-13 00:10:00
100033000,0.000200000000000,1,2024-04-13 00:10:00
100039000,0.293000000000000,1,2024-04-13 00:10:00
99952000,0.032700000000000,0,2024-04-13 00:10:05
99951000,0.064300000000000,0,2024-04-13 00:10:05
99948000,0.069200000000000,0,2024-04-13 00:10:05
99947000,0.075300000000000,0,2024-04-13 00:10:05
99946000,0.056500000000000,0,2024-04-13 00:10:05
100021000,0.000200000000000,1,2024-04-13 00:10:05
100024000,0.099800000000000,1,2024-04-13 00:10:05
100025000,0.099800000000000,1,2024-04-13 00:10:05
100031000,0.005700000000000,1,2024-04-13 00:10:05
100033000,0.000200000000000,1,2024-04-13 00:10:05
100008000,0.289700000000000,0,2024-04-13 00:10:10
99976000,0.293000000000000,0,2024-04-13 00:10:10
99969000,0.055700000000000,0,2024-04-13 00:10:10
99968000,0.000300000000000,0,2024-04-13 00:10:10
99956000,0.000100000000000,0,2024-04-13 00:10:10
100072000,0.157200000000000,1,2024-04-13 00:10:10
100097000,0.000200000000000,1,2024-04-13 00:10:10
100100000,0.001400000000000,1,2024-04-13 00:10:10
100103000,0.900000000000000,1,2024-04-13 00:10:10
100114000,1.800600000000000,1,2024-04-13 00:10:10
99953000,0.115400000000000,0,2024-04-13 00:10:15
99952000,0.012700000000000,0,2024-04-13 00:10:15
99951000,0.064300000000000,0,2024-04-13 00:10:15
99950000,0.017100000000000,0,2024-04-13 00:10:15
99948000,0.120100000000000,0,2024-04-13 00:10:15
99994000,0.000100000000000,1,2024-04-13 00:10:15
100038000,0.000100000000000,1,2024-04-13 00:10:15
100094000,0.060700000000000,1,2024-04-13 00:10:15
100095000,0.099800000000000,1,2024-04-13 00:10:15
100096000,0.063300000000000,1,2024-04-13 00:10:15
99963000,0.000900000000000,0,2024-04-13 00:10:21
99962000,0.062400000000000,0,2024-04-13 00:10:21
99958000,0.010000000000000,0,2024-04-13 00:10:21
99956000,0.058800000000000,0,2024-04-13 00:10:21
99952000,0.012600000000000,0,2024-04-13 00:10:21
100038000,0.000100000000000,1,2024-04-13 00:10:21
100042000,0.062300000000000,1,2024-04-13 00:10:21
100095000,0.954900000000000,1,2024-04-13 00:10:21
100096000,0.100000000000000,1,2024-04-13 00:10:21
100097000,0.000200000000000,1,2024-04-13 00:10:21
99984000,0.005900000000000,0,2024-04-13 00:10:26
99969000,0.002100000000000,0,2024-04-13 00:10:26
99963000,0.000100000000000,0,2024-04-13 00:10:26
99962000,0.062400000000000,0,2024-04-13 00:10:26
99958000,0.010000000000000,0,2024-04-13 00:10:26
100038000,0.000100000000000,1,2024-04-13 00:10:26
100042000,0.062300000000000,1,2024-04-13 00:10:26
100063000,0.999800000000000,1,2024-04-13 00:10:26
100095000,1.854900000000000,1,2024-04-13 00:10:26
100096000,0.000200000000000,1,2024-04-13 00:10:26
99984000,0.006000000000000,0,2024-04-13 00:10:31
99969000,0.002100000000000,0,2024-04-13 00:10:31
99968000,0.000500000000000,0,2024-04-13 00:10:31
99962000,0.050000000000000,0,2024-04-13 00:10:31
99958000,0.010000000000000,0,2024-04-13 00:10:31
100058000,0.056800000000000,1,2024-04-13 00:10:31
100059000,0.099800000000000,1,2024-04-13 00:10:31
100062000,1.862800000000000,1,2024-04-13 00:10:31
100063000,0.900000000000000,1,2024-04-13 00:10:31
100090000,0.091500000000000,1,2024-04-13 00:10:31
99948000,0.040600000000000,0,2024-04-13 00:10:36
99945000,0.020000000000000,0,2024-04-13 00:10:36
99944000,0.054800000000000,0,2024-04-13 00:10:36
99932000,0.000100000000000,0,2024-04-13 00:10:36
99925000,0.000100000000000,0,2024-04-13 00:10:36
100014000,0.000100000000000,1,2024-04-13 00:10:36
100029000,0.060600000000000,1,2024-04-13 00:10:36
100056000,0.057100000000000,1,2024-04-13 00:10:36
100057000,0.099800000000000,1,2024-04-13 00:10:36
100058000,0.046800000000000,1,2024-04-13 00:10:36
99952000,0.000400000000000,0,2024-04-13 00:10:41
99948000,0.040600000000000,0,2024-04-13 00:10:41
99945000,0.020000000000000,0,2024-04-13 00:10:41
99944000,0.054800000000000,0,2024-04-13 00:10:41
99932000,0.000100000000000,0,2024-04-13 00:10:41
100061000,0.059600000000000,1,2024-04-13 00:10:41
100062000,0.985200000000000,1,2024-04-13 00:10:41
100063000,0.900000000000000,1,2024-04-13 00:10:41
100064000,0.000800000000000,1,2024-04-13 00:10:41
100090000,0.091500000000000,1,2024-04-13 00:10:41
99959000,0.184200000000000,0,2024-04-13 00:10:46
99958000,0.084400000000000,0,2024-04-13 00:10:46
99957000,0.063300000000000,0,2024-04-13 00:10:46
99956000,0.062400000000000,0,2024-04-13 00:10:46
99955000,0.000100000000000,0,2024-04-13 00:10:46
100060000,0.012600000000000,1,2024-04-13 00:10:46
100061000,0.099700000000000,1,2024-04-13 00:10:46
100062000,0.000200000000000,1,2024-04-13 00:10:46
100064000,0.000800000000000,1,2024-04-13 00:10:46
100076000,0.060800000000000,1,2024-04-13 00:10:46
99984000,0.096100000000000,0,2024-04-13 00:10:51
99982000,0.063200000000000,0,2024-04-13 00:10:51
99960000,0.119500000000000,0,2024-04-13 00:10:51
99959000,0.064900000000000,0,2024-04-13 00:10:51
99958000,0.064500000000000,0,2024-04-13 00:10:51
100062000,0.000200000000000,1,2024-04-13 00:10:51
100064000,0.000800000000000,1,2024-04-13 00:10:51
100075000,0.012200000000000,1,2024-04-13 00:10:51
100076000,0.060800000000000,1,2024-04-13 00:10:51
100082000,0.099800000000000,1,2024-04-13 00:10:51
99985000,0.201000000000000,0,2024-04-13 00:10:56
99984000,0.096200000000000,0,2024-04-13 00:10:56
99982000,0.063200000000000,0,2024-04-13 00:10:56
99979000,0.293000000000000,0,2024-04-13 00:10:56
99960000,0.002200000000000,0,2024-04-13 00:10:56
100064000,0.000800000000000,1,2024-04-13 00:10:56
100075000,0.011900000000000,1,2024-04-13 00:10:56
100076000,0.060800000000000,1,2024-04-13 00:10:56
100090000,0.991500000000000,1,2024-04-13 00:10:56
100096000,0.000200000000000,1,2024-04-13 00:10:56
99990000,0.060100000000000,0,2024-04-13 00:11:02
99989000,0.000100000000000,0,2024-04-13 00:11:02
99988000,0.064400000000000,0,2024-04-13 00:11:02
99986000,0.012600000000000,0,2024-04-13 00:11:02
99985000,0.120800000000000,0,2024-04-13 00:11:02
100064000,0.000800000000000,1,2024-04-13 00:11:02
100082000,0.099800000000000,1,2024-04-13 00:11:02
100089000,0.011700000000000,1,2024-04-13 00:11:02
100090000,0.091500000000000,1,2024-04-13 00:11:02
100096000,0.000200000000000,1,2024-04-13 00:11:02
100043000,0.060600000000000,0,2024-04-13 00:11:07
100042000,0.000200000000000,0,2024-04-13 00:11:07
100037000,0.028100000000000,0,2024-04-13 00:11:07
100035000,0.068300000000000,0,2024-04-13 00:11:07
100034000,0.046200000000000,0,2024-04-13 00:11:07
100046000,0.000100000000000,1,2024-04-13 00:11:07
100067000,0.003300000000000,1,2024-04-13 00:11:07
100090000,0.091500000000000,1,2024-04-13 00:11:07
100096000,0.000200000000000,1,2024-04-13 00:11:07
100097000,0.000200000000000,1,2024-04-13 00:11:07
100049000,0.293000000000000,0,2024-04-13 00:11:12
100045000,0.000100000000000,0,2024-04-13 00:11:12
100043000,0.060600000000000,0,2024-04-13 00:11:12
100042000,0.000200000000000,0,2024-04-13 00:11:12
100037000,0.028100000000000,0,2024-04-13 00:11:12
100077000,0.000200000000000,1,2024-04-13 00:11:12
100096000,0.000200000000000,1,2024-04-13 00:11:12
100097000,0.000200000000000,1,2024-04-13 00:11:12
100098000,0.099700000000000,1,2024-04-13 00:11:12
100100000,0.001400000000000,1,2024-04-13 00:11:12
100084000,0.059200000000000,0,2024-04-13 00:11:17
100080000,0.075700000000000,0,2024-04-13 00:11:17
100079000,0.017400000000000,0,2024-04-13 00:11:17
100078000,0.024700000000000,0,2024-04-13 00:11:17
100076000,0.018900000000000,0,2024-04-13 00:11:17
100096000,0.000100000000000,1,2024-04-13 00:11:17
100097000,0.000200000000000,1,2024-04-13 00:11:17
100100000,0.001400000000000,1,2024-04-13 00:11:17
100114000,0.000600000000000,1,2024-04-13 00:11:17
100120000,0.000100000000000,1,2024-04-13 00:11:17
100089000,0.000100000000000,0,2024-04-13 00:11:22
100084000,0.000300000000000,0,2024-04-13 00:11:22
100073000,0.293200000000000,0,2024-04-13 00:11:22
100070000,0.293000000000000,0,2024-04-13 00:11:22
100068000,0.000100000000000,0,2024-04-13 00:11:22
100097000,0.029900000000000,1,2024-04-13 00:11:22
100100000,0.001400000000000,1,2024-04-13 00:11:22
100114000,0.000600000000000,1,2024-04-13 00:11:22
100120000,0.000100000000000,1,2024-04-13 00:11:22
100134000,0.001200000000000,1,2024-04-13 00:11:22
100084000,0.000200000000000,0,2024-04-13 00:11:27
100073000,0.293200000000000,0,2024-04-13 00:11:27
100070000,0.293000000000000,0,2024-04-13 00:11:27
100062000,0.063300000000000,0,2024-04-13 00:11:27
100059000,0.000100000000000,0,2024-04-13 00:11:27
100089000,0.012000000000000,1,2024-04-13 00:11:27
100096000,0.000500000000000,1,2024-04-13 00:11:27
100097000,0.029900000000000,1,2024-04-13 00:11:27
100100000,0.001400000000000,1,2024-04-13 00:11:27
100114000,0.000600000000000,1,2024-04-13 00:11:27
100078000,0.000300000000000,0,2024-04-13 00:11:32
100077000,0.083400000000000,0,2024-04-13 00:11:32
100076000,0.011600000000000,0,2024-04-13 00:11:32
100075000,0.059300000000000,0,2024-04-13 00:11:32
100074000,0.056000000000000,0,2024-04-13 00:11:32
100097000,0.019300000000000,1,2024-04-13 00:11:32
100100000,0.001400000000000,1,2024-04-13 00:11:32
100114000,0.000600000000000,1,2024-04-13 00:11:32
100120000,0.000100000000000,1,2024-04-13 00:11:32
100134000,0.099700000000000,1,2024-04-13 00:11:32
100100000,0.001200000000000,0,2024-04-13 00:11:37
100079000,0.000700000000000,0,2024-04-13 00:11:37
100078000,0.000100000000000,0,2024-04-13 00:11:37
100077000,0.083400000000000,0,2024-04-13 00:11:37
100076000,0.000200000000000,0,2024-04-13 00:11:37
100114000,0.000600000000000,1,2024-04-13 00:11:37
100120000,0.000100000000000,1,2024-04-13 00:11:37
100128000,0.099700000000000,1,2024-04-13 00:11:37
100138000,0.055900000000000,1,2024-04-13 00:11:37
100139000,0.002600000000000,1,2024-04-13 00:11:37
100114000,0.000900000000000,0,2024-04-13 00:11:43
100100000,0.014500000000000,0,2024-04-13 00:11:43
100079000,0.000600000000000,0,2024-04-13 00:11:43
100073000,0.293800000000000,0,2024-04-13 00:11:43
100070000,0.293000000000000,0,2024-04-13 00:11:43
100119000,0.099700000000000,1,2024-04-13 00:11:43
100120000,0.016000000000000,1,2024-04-13 00:11:43
100127000,0.001200000000000,1,2024-04-13 00:11:43
100131000,0.000100000000000,1,2024-04-13 00:11:43
100138000,0.055900000000000,1,2024-04-13 00:11:43
100100000,0.000300000000000,0,2024-04-13 00:11:48
100073000,0.293800000000000,0,2024-04-13 00:11:48
100070000,0.293000000000000,0,2024-04-13 00:11:48
100062000,0.063300000000000,0,2024-04-13 00:11:48
100058000,0.000400000000000,0,2024-04-13 00:11:48
100104000,0.001200000000000,1,2024-04-13 00:11:48
100119000,0.029400000000000,1,2024-04-13 00:11:48
100120000,0.016000000000000,1,2024-04-13 00:11:48
100122000,0.000200000000000,1,2024-04-13 00:11:48
100123000,0.028000000000000,1,2024-04-13 00:11:48
100073000,0.289900000000000,0,2024-04-13 00:11:53
100070000,0.293000000000000,0,2024-04-13 00:11:53
100062000,0.063300000000000,0,2024-04-13 00:11:53
100058000,0.000400000000000,0,2024-04-13 00:11:53
100045000,0.000100000000000,0,2024-04-13 00:11:53
100103000,0.000200000000000,1,2024-04-13 00:11:53
100111000,0.001200000000000,1,2024-04-13 00:11:53
100115000,0.000100000000000,1,2024-04-13 00:11:53
100118000,0.099700000000000,1,2024-04-13 00:11:53
100120000,0.016000000000000,1,2024-04-13 00:11:53
100073000,0.288600000000000,0,2024-04-13 00:11:58
100070000,0.293000000000000,0,2024-04-13 00:11:58
100062000,0.063300000000000,0,2024-04-13 00:11:58
100058000,0.000400000000000,0,2024-04-13 00:11:58
100045000,0.000100000000000,0,2024-04-13 00:11:58
100101000,0.006600000000000,1,2024-04-13 00:11:58
100103000,0.000200000000000,1,2024-04-13 00:11:58
100111000,0.001200000000000,1,2024-04-13 00:11:58
100114000,0.099700000000000,1,2024-04-13 00:11:58
100115000,0.000100000000000,1,2024-04-13 00:11:58
100073000,0.000800000000000,0,2024-04-13 00:12:03
100062000,0.063300000000000,0,2024-04-13 00:12:03
100058000,0.000400000000000,0,2024-04-13 00:12:03
100045000,0.000700000000000,0,2024-04-13 00:12:03
100044000,0.024800000000000,0,2024-04-13 00:12:03
100101000,0.006800000000000,1,2024-04-13 00:12:03
100111000,0.001200000000000,1,2024-04-13 00:12:03
100114000,0.099700000000000,1,2024-04-13 00:12:03
100115000,0.000100000000000,1,2024-04-13 00:12:03
100120000,0.016000000000000,1,2024-04-13 00:12:03
100069000,0.287600000000000,0,2024-04-13 00:12:08
100060000,0.014300000000000,0,2024-04-13 00:12:08
100058000,0.024700000000000,0,2024-04-13 00:12:08
100057000,0.048100000000000,0,2024-04-13 00:12:08
100056000,0.037000000000000,0,2024-04-13 00:12:08
100073000,0.187500000000000,1,2024-04-13 00:12:08
100101000,0.006600000000000,1,2024-04-13 00:12:08
100114000,0.099700000000000,1,2024-04-13 00:12:08
100120000,0.016000000000000,1,2024-04-13 00:12:08
100123000,0.001200000000000,1,2024-04-13 00:12:08
100070000,0.029200000000000,0,2024-04-13 00:12:13
100069000,0.038200000000000,0,2024-04-13 00:12:13
100068000,0.024000000000000,0,2024-04-13 00:12:13
100067000,0.021400000000000,0,2024-04-13 00:12:13
100066000,0.030500000000000,0,2024-04-13 00:12:13
100073000,0.169700000000000,1,2024-04-13 00:12:13
100101000,0.006600000000000,1,2024-04-13 00:12:13
100114000,0.099700000000000,1,2024-04-13 00:12:13
100120000,0.016000000000000,1,2024-04-13 00:12:13
100130000,0.000500000000000,1,2024-04-13 00:12:13
100132000,0.028200000000000,0,2024-04-13 00:12:18
100129000,0.000200000000000,0,2024-04-13 00:12:18
100126000,0.022100000000000,0,2024-04-13 00:12:18
100118000,0.069600000000000,0,2024-04-13 00:12:18
100110000,0.000100000000000,0,2024-04-13 00:12:18
100138000,0.056200000000000,1,2024-04-13 00:12:18
100139000,0.002600000000000,1,2024-04-13 00:12:18
100140000,0.000400000000000,1,2024-04-13 00:12:18
100141000,0.000800000000000,1,2024-04-13 00:12:18
100144000,0.000300000000000,1,2024-04-13 00:12:18
100118000,0.028500000000000,0,2024-04-13 00:12:23
100116000,0.317900000000000,0,2024-04-13 00:12:23
100115000,0.000100000000000,0,2024-04-13 00:12:23
100114000,0.050100000000000,0,2024-04-13 00:12:23
100113000,0.004100000000000,0,2024-04-13 00:12:23
100135000,0.009900000000000,1,2024-04-13 00:12:23
100138000,0.056100000000000,1,2024-04-13 00:12:23
100139000,0.002600000000000,1,2024-04-13 00:12:23
100140000,0.000400000000000,1,2024-04-13 00:12:23
100141000,0.000800000000000,1,2024-04-13 00:12:23
100116000,0.207500000000000,0,2024-04-13 00:12:29
100114000,0.050000000000000,0,2024-04-13 00:12:29
100112000,0.003700000000000,0,2024-04-13 00:12:29
100111000,0.310100000000000,0,2024-04-13 00:12:29
100110000,0.072900000000000,0,2024-04-13 00:12:29
100135000,0.000200000000000,1,2024-04-13 00:12:29
100138000,0.056100000000000,1,2024-04-13 00:12:29
100139000,0.002600000000000,1,2024-04-13 00:12:29
100140000,0.000400000000000,1,2024-04-13 00:12:29
100141000,0.000800000000000,1,2024-04-13 00:12:29
100142000,0.016100000000000,0,2024-04-13 00:12:34
100141000,0.027800000000000,0,2024-04-13 00:12:34
100140000,0.017400000000000,0,2024-04-13 00:12:34
100139000,0.007600000000000,0,2024-04-13 00:12:34
100138000,0.091500000000000,0,2024-04-13 00:12:34
100179000,0.048900000000000,1,2024-04-13 00:12:34
100180000,0.000100000000000,1,2024-04-13 00:12:34
100181000,0.004000000000000,1,2024-04-13 00:12:34
100184000,0.000600000000000,1,2024-04-13 00:12:34
100194000,0.007600000000000,1,2024-04-13 00:12:34
100179000,0.000100000000000,0,2024-04-13 00:12:39
100148000,0.293000000000000,0,2024-04-13 00:12:39
100144000,0.293000000000000,0,2024-04-13 00:12:39
100143000,0.053800000000000,0,2024-04-13 00:12:39
100142000,0.019700000000000,0,2024-04-13 00:12:39
100180000,0.000300000000000,1,2024-04-13 00:12:39
100181000,0.004000000000000,1,2024-04-13 00:12:39
100184000,0.000600000000000,1,2024-04-13 00:12:39
100194000,0.007600000000000,1,2024-04-13 00:12:39
100195000,0.001300000000000,1,2024-04-13 00:12:39
100149000,0.020000000000000,0,2024-04-13 00:12:44
100148000,0.269000000000000,0,2024-04-13 00:12:44
100144000,0.293000000000000,0,2024-04-13 00:12:44
100143000,0.054000000000000,0,2024-04-13 00:12:44
100142000,0.019700000000000,0,2024-04-13 00:12:44
100180000,0.000300000000000,1,2024-04-13 00:12:44
100181000,0.004000000000000,1,2024-04-13 00:12:44
100184000,0.000600000000000,1,2024-04-13 00:12:44
100194000,0.007600000000000,1,2024-04-13 00:12:44
100195000,0.001300000000000,1,2024-04-13 00:12:44
100150000,0.020000000000000,0,2024-04-13 00:12:49
100149000,0.381400000000000,0,2024-04-13 00:12:49
100144000,0.293000000000000,0,2024-04-13 00:12:49
100143000,0.054000000000000,0,2024-04-13 00:12:49
100142000,0.004500000000000,0,2024-04-13 00:12:49
100180000,0.000300000000000,1,2024-04-13 00:12:49
100181000,0.004000000000000,1,2024-04-13 00:12:49
100184000,0.000600000000000,1,2024-04-13 00:12:49
100194000,0.007600000000000,1,2024-04-13 00:12:49
100195000,0.001300000000000,1,2024-04-13 00:12:49
100184000,0.000000000000000,0,2024-04-13 00:12:54
100149000,0.381400000000000,0,2024-04-13 00:12:54
100144000,0.293000000000000,0,2024-04-13 00:12:54
100143000,0.054000000000000,0,2024-04-13 00:12:54
100142000,0.004400000000000,0,2024-04-13 00:12:54
100198000,0.001200000000000,1,2024-04-13 00:12:54
100199000,0.010200000000000,1,2024-04-13 00:12:54
100200000,0.016700000000000,1,2024-04-13 00:12:54
100201000,0.019800000000000,1,2024-04-13 00:12:54
100203000,0.002100000000000,1,2024-04-13 00:12:54
100150000,0.200000000000000,0,2024-04-13 00:12:59
100149000,0.380100000000000,0,2024-04-13 00:12:59
100144000,0.293000000000000,0,2024-04-13 00:12:59
100143000,0.054000000000000,0,2024-04-13 00:12:59
100142000,0.004400000000000,0,2024-04-13 00:12:59
100197000,0.112700000000000,1,2024-04-13 00:12:59
100198000,0.001200000000000,1,2024-04-13 00:12:59
100199000,0.010200000000000,1,2024-04-13 00:12:59
100200000,0.016700000000000,1,2024-04-13 00:12:59
100201000,0.019800000000000,1,2024-04-13 00:12:59
100150000,0.200200000000000,0,2024-04-13 00:13:05
100149000,0.380100000000000,0,2024-04-13 00:13:05
100146000,0.056100000000000,0,2024-04-13 00:13:05
100143000,0.000200000000000,0,2024-04-13 00:13:05
100142000,0.004400000000000,0,2024-04-13 00:13:05
100182000,0.008300000000000,1,2024-04-13 00:13:05
100188000,0.019900000000000,1,2024-04-13 00:13:05
100189000,0.006700000000000,1,2024-04-13 00:13:05
100195000,0.028100000000000,1,2024-04-13 00:13:05
100196000,0.019800000000000,1,2024-04-13 00:13:05
100150000,0.000200000000000,0,2024-04-13 00:13:10
100149000,0.280200000000000,0,2024-04-13 00:13:10
100143000,0.000200000000000,0,2024-04-13 00:13:10
100142000,0.004400000000000,0,2024-04-13 00:13:10
100135000,0.021700000000000,0,2024-04-13 00:13:10
100162000,0.004700000000000,1,2024-04-13 00:13:10
100163000,0.003100000000000,1,2024-04-13 00:13:10
100166000,0.012300000000000,1,2024-04-13 00:13:10
100168000,0.028100000000000,1,2024-04-13 00:13:10
100170000,0.063000000000000,1,2024-04-13 00:13:10
100151000,0.162500000000000,0,2024-04-13 00:13:15
100150000,0.199700000000000,0,2024-04-13 00:13:15
100149000,0.227000000000000,0,2024-04-13 00:13:15
100146000,0.062800000000000,0,2024-04-13 00:13:15
100144000,0.293000000000000,0,2024-04-13 00:13:15
100183000,0.063000000000000,1,2024-04-13 00:13:15
100184000,0.024200000000000,1,2024-04-13 00:13:15
100187000,0.010800000000000,1,2024-04-13 00:13:15
100188000,0.040600000000000,1,2024-04-13 00:13:15
100190000,0.020200000000000,1,2024-04-13 00:13:15
100150000,0.200000000000000,0,2024-04-13 00:13:20
100149000,0.227000000000000,0,2024-04-13 00:13:20
100143000,0.000200000000000,0,2024-04-13 00:13:20
100142000,0.004400000000000,0,2024-04-13 00:13:20
100140000,0.000100000000000,0,2024-04-13 00:13:20
100166000,0.016600000000000,1,2024-04-13 00:13:20
100168000,0.020200000000000,1,2024-04-13 00:13:20
100199000,0.004500000000000,1,2024-04-13 00:13:20
100200000,0.016700000000000,1,2024-04-13 00:13:20
100209000,0.900800000000000,1,2024-04-13 00:13:20
100151000,0.198200000000000,0,2024-04-13 00:13:25
100150000,0.200000000000000,0,2024-04-13 00:13:25
100149000,0.227000000000000,0,2024-04-13 00:13:25
100142000,0.004600000000000,0,2024-04-13 00:13:25
100140000,0.000200000000000,0,2024-04-13 00:13:25
100200000,0.000100000000000,1,2024-04-13 00:13:25
100209000,0.900800000000000,1,2024-04-13 00:13:25
100214000,0.099600000000000,1,2024-04-13 00:13:25
100220000,0.000100000000000,1,2024-04-13 00:13:25
100226000,0.293000000000000,1,2024-04-13 00:13:25
100151000,0.030100000000000,0,2024-04-13 00:13:31
100150000,0.200000000000000,0,2024-04-13 00:13:31
100149000,0.227000000000000,0,2024-04-13 00:13:31
100142000,0.004600000000000,0,2024-04-13 00:13:31
100140000,0.000200000000000,0,2024-04-13 00:13:31
100200000,0.293600000000000,1,2024-04-13 00:13:31
100205000,0.032700000000000,1,2024-04-13 00:13:31
100209000,0.900800000000000,1,2024-04-13 00:13:31
100210000,0.054800000000000,1,2024-04-13 00:13:31
100220000,0.000100000000000,1,2024-04-13 00:13:31
100142000,0.004600000000000,0,2024-04-13 00:13:36
100140000,0.000200000000000,0,2024-04-13 00:13:36
100135000,0.021700000000000,0,2024-04-13 00:13:36
100120000,0.000200000000000,0,2024-04-13 00:13:36
100100000,0.000100000000000,0,2024-04-13 00:13:36
100151000,0.000300000000000,1,2024-04-13 00:13:36
100184000,0.033300000000000,1,2024-04-13 00:13:36
100185000,0.061100000000000,1,2024-04-13 00:13:36
100194000,0.900000000000000,1,2024-04-13 00:13:36
100198000,1.800000000000000,1,2024-04-13 00:13:36
100142000,0.001500000000000,0,2024-04-13 00:13:41
100140000,0.000300000000000,0,2024-04-13 00:13:41
100135000,0.021700000000000,0,2024-04-13 00:13:41
100120000,0.000200000000000,0,2024-04-13 00:13:41
100100000,0.000100000000000,0,2024-04-13 00:13:41
100165000,0.099600000000000,1,2024-04-13 00:13:41
100184000,0.010800000000000,1,2024-04-13 00:13:41
100185000,0.061100000000000,1,2024-04-13 00:13:41
100194000,0.900200000000000,1,2024-04-13 00:13:41
100198000,1.800000000000000,1,2024-04-13 00:13:41
100135000,0.014900000000000,0,2024-04-13 00:13:46
100120000,0.000200000000000,0,2024-04-13 00:13:46
100100000,0.000100000000000,0,2024-04-13 00:13:46
100091000,0.063000000000000,0,2024-04-13 00:13:46
100073000,0.000900000000000,0,2024-04-13 00:13:46
100163000,0.010200000000000,1,2024-04-13 00:13:46
100164000,0.099700000000000,1,2024-04-13 00:13:46
100185000,0.061100000000000,1,2024-04-13 00:13:46
100194000,0.900200000000000,1,2024-04-13 00:13:46
100198000,1.800000000000000,1,2024-04-13 00:13:46
100120000,0.000300000000000,0,2024-04-13 00:13:51
100100000,0.000100000000000,0,2024-04-13 00:13:51
100073000,0.000900000000000,0,2024-04-13 00:13:51
100069000,0.054100000000000,0,2024-04-13 00:13:51
100068000,0.000200000000000,0,2024-04-13 00:13:51
100135000,0.003400000000000,1,2024-04-13 00:13:51
100185000,0.900200000000000,1,2024-04-13 00:13:51
100193000,0.099600000000000,1,2024-04-13 00:13:51
100194000,0.000200000000000,1,2024-04-13 00:13:51
100198000,1.800000000000000,1,2024-04-13 00:13:51
100100000,0.000100000000000,0,2024-04-13 00:13:56
100073000,0.000900000000000,0,2024-04-13 00:13:56
100069000,0.054100000000000,0,2024-04-13 00:13:56
100068000,0.000200000000000,0,2024-04-13 00:13:56
100067000,0.021700000000000,0,2024-04-13 00:13:56
100184000,0.103600000000000,1,2024-04-13 00:13:56
100185000,0.846400000000000,1,2024-04-13 00:13:56
100194000,0.000200000000000,1,2024-04-13 00:13:56
100198000,1.800000000000000,1,2024-04-13 00:13:56
100200000,0.293600000000000,1,2024-04-13 00:13:56
100100000,0.000200000000000,0,2024-04-13 00:14:01
100073000,0.000900000000000,0,2024-04-13 00:14:01
100069000,0.054100000000000,0,2024-04-13 00:14:01
100068000,0.000200000000000,0,2024-04-13 00:14:01
100067000,0.021700000000000,0,2024-04-13 00:14:01
100184000,0.093400000000000,1,2024-04-13 00:14:01
100185000,0.846400000000000,1,2024-04-13 00:14:01
100194000,0.000200000000000,1,2024-04-13 00:14:01
100198000,1.800000000000000,1,2024-04-13 00:14:01
100200000,0.293600000000000,1,2024-04-13 00:14:01
100051000,0.054400000000000,0,2024-04-13 00:14:06
100050000,0.004500000000000,0,2024-04-13 00:14:06
100045000,0.000600000000000,0,2024-04-13 00:14:06
100041000,0.000200000000000,0,2024-04-13 00:14:06
100040000,0.006700000000000,0,2024-04-13 00:14:06
100179000,0.003800000000000,1,2024-04-13 00:14:06
100180000,0.057800000000000,1,2024-04-13 00:14:06
100181000,0.059600000000000,1,2024-04-13 00:14:06
100182000,0.392800000000000,1,2024-04-13 00:14:06
100183000,0.064400000000000,1,2024-04-13 00:14:06
100051000,0.111900000000000,0,2024-04-13 00:14:12
100050000,0.004500000000000,0,2024-04-13 00:14:12
100045000,0.000600000000000,0,2024-04-13 00:14:12
100041000,0.000200000000000,0,2024-04-13 00:14:12
100040000,0.006700000000000,0,2024-04-13 00:14:12
100176000,0.099800000000000,1,2024-04-13 00:14:12
100177000,0.003800000000000,1,2024-04-13 00:14:12
100178000,0.064400000000000,1,2024-04-13 00:14:12
100180000,0.057800000000000,1,2024-04-13 00:14:12
100182000,0.000200000000000,1,2024-04-13 00:14:12
100051000,0.361800000000000,0,2024-04-13 00:14:17
100050000,0.000100000000000,0,2024-04-13 00:14:17
100045000,0.000600000000000,0,2024-04-13 00:14:17
100041000,0.000200000000000,0,2024-04-13 00:14:17
100040000,0.006700000000000,0,2024-04-13 00:14:17
100174000,0.099800000000000,1,2024-04-13 00:14:17
100175000,0.150300000000000,1,2024-04-13 00:14:17
100177000,0.003800000000000,1,2024-04-13 00:14:17
100178000,0.064400000000000,1,2024-04-13 00:14:17
100180000,0.057800000000000,1,2024-04-13 00:14:17
100052000,0.114300000000000,0,2024-04-13 00:14:22
100051000,0.354600000000000,0,2024-04-13 00:14:22
100050000,0.000100000000000,0,2024-04-13 00:14:22
100045000,0.000600000000000,0,2024-04-13 00:14:22
100041000,0.000200000000000,0,2024-04-13 00:14:22
100174000,0.099900000000000,1,2024-04-13 00:14:22
100175000,0.150300000000000,1,2024-04-13 00:14:22
100178000,0.064400000000000,1,2024-04-13 00:14:22
100182000,0.000200000000000,1,2024-04-13 00:14:22
100184000,0.000100000000000,1,2024-04-13 00:14:22
100070000,0.107700000000000,0,2024-04-13 00:14:27
100069000,0.058900000000000,0,2024-04-13 00:14:27
100068000,0.293200000000000,0,2024-04-13 00:14:27
100059000,0.058400000000000,0,2024-04-13 00:14:27
100057000,0.055700000000000,0,2024-04-13 00:14:27
100173000,0.015200000000000,1,2024-04-13 00:14:27
100174000,0.038100000000000,1,2024-04-13 00:14:27
100175000,0.058800000000000,1,2024-04-13 00:14:27
100178000,0.064400000000000,1,2024-04-13 00:14:27
100182000,0.000200000000000,1,2024-04-13 00:14:27
100071000,0.000100000000000,0,2024-04-13 00:14:32
100070000,0.000100000000000,0,2024-04-13 00:14:32
100069000,0.056000000000000,0,2024-04-13 00:14:32
100068000,0.293200000000000,0,2024-04-13 00:14:32
100059000,0.058400000000000,0,2024-04-13 00:14:32
100171000,0.101600000000000,1,2024-04-13 00:14:32
100172000,0.099700000000000,1,2024-04-13 00:14:32
100175000,0.058800000000000,1,2024-04-13 00:14:32
100178000,0.064400000000000,1,2024-04-13 00:14:32
100182000,0.000200000000000,1,2024-04-13 00:14:32
100071000,0.000100000000000,0,2024-04-13 00:14:37
100070000,0.000100000000000,0,2024-04-13 00:14:37
100069000,0.152700000000000,0,2024-04-13 00:14:37
100068000,0.000200000000000,0,2024-04-13 00:14:37
100059000,0.058600000000000,0,2024-04-13 00:14:37
100169000,0.089700000000000,1,2024-04-13 00:14:37
100170000,0.099700000000000,1,2024-04-13 00:14:37
100171000,0.000200000000000,1,2024-04-13 00:14:37
100175000,0.058800000000000,1,2024-04-13 00:14:37
100178000,0.064400000000000,1,2024-04-13 00:14:37
100070000,0.000100000000000,0,2024-04-13 00:14:42
100069000,0.153700000000000,0,2024-04-13 00:14:42
100068000,0.000200000000000,0,2024-04-13 00:14:42
100060000,0.000200000000000,0,2024-04-13 00:14:42
100059000,0.058400000000000,0,2024-04-13 00:14:42
100073000,0.000200000000000,1,2024-04-13 00:14:42
100206000,0.293000000000000,1,2024-04-13 00:14:42
100208000,0.003800000000000,1,2024-04-13 00:14:42
100209000,0.017100000000000,1,2024-04-13 00:14:42
100210000,0.003800000000000,1,2024-04-13 00:14:42
100084000,0.000800000000000,0,2024-04-13 00:14:47
100070000,0.000100000000000,0,2024-04-13 00:14:47
100069000,0.153700000000000,0,2024-04-13 00:14:47
100068000,0.000200000000000,0,2024-04-13 00:14:47
100059000,0.058600000000000,0,2024-04-13 00:14:47
100103000,0.000100000000000,1,2024-04-13 00:14:47
100119000,0.099700000000000,1,2024-04-13 00:14:47
100202000,0.293000000000000,1,2024-04-13 00:14:47
100213000,1.002700000000000,1,2024-04-13 00:14:47
100216000,0.026300000000000,1,2024-04-13 00:14:47
100069000,0.131200000000000,0,2024-04-13 00:14:52
100068000,0.000200000000000,0,2024-04-13 00:14:52
100059000,0.058400000000000,0,2024-04-13 00:14:52
100051000,0.309700000000000,0,2024-04-13 00:14:52
100050000,0.000100000000000,0,2024-04-13 00:14:52
100103000,0.000300000000000,1,2024-04-13 00:14:52
100114000,0.000500000000000,1,2024-04-13 00:14:52
100119000,0.099700000000000,1,2024-04-13 00:14:52
100201000,0.091500000000000,1,2024-04-13 00:14:52
100202000,0.293000000000000,1,2024-04-13 00:14:52
100070000,0.051400000000000,0,2024-04-13 00:14:58
100069000,0.476700000000000,0,2024-04-13 00:14:58
100068000,0.000200000000000,0,2024-04-13 00:14:58
100067000,0.293000000000000,0,2024-04-13 00:14:58
100059000,0.058400000000000,0,2024-04-13 00:14:58
100119000,0.017700000000000,1,2024-04-13 00:14:58
100154000,0.059600000000000,1,2024-04-13 00:14:58
100175000,0.293000000000000,1,2024-04-13 00:14:58
100188000,0.010000000000000,1,2024-04-13 00:14:58
100207000,0.293000000000000,1,2024-04-13 00:14:58
100069000,0.475400000000000,0,2024-04-13 00:15:03
100068000,0.000200000000000,0,2024-04-13 00:15:03
100059000,0.058400000000000,0,2024-04-13 00:15:03
100051000,0.309500000000000,0,2024-04-13 00:15:03
100050000,0.000100000000000,0,2024-04-13 00:15:03
100119000,0.000100000000000,1,2024-04-13 00:15:03
100154000,0.047400000000000,1,2024-04-13 00:15:03
100188000,0.010000000000000,1,2024-04-13 00:15:03
100213000,1.002700000000000,1,2024-04-13 00:15:03
100216000,0.026300000000000,1,2024-04-13 00:15:03
100072000,0.119000000000000,0,2024-04-13 00:15:08
100071000,0.055900000000000,0,2024-04-13 00:15:08
100070000,0.176000000000000,0,2024-04-13 00:15:08
100069000,0.513900000000000,0,2024-04-13 00:15:08
100068000,0.000200000000000,0,2024-04-13 00:15:08
100186000,0.048000000000000,1,2024-04-13 00:15:08
100188000,0.010000000000000,1,2024-04-13 00:15:08
100220000,0.000200000000000,1,2024-04-13 00:15:08
100221000,0.002400000000000,1,2024-04-13 00:15:08
100230000,0.000800000000000,1,2024-04-13 00:15:08
100085000,0.058900000000000,0,2024-04-13 00:15:13
100084000,0.090800000000000,0,2024-04-13 00:15:13
100083000,0.056600000000000,0,2024-04-13 00:15:13
100082000,0.000100000000000,0,2024-04-13 00:15:13
100080000,0.060700000000000,0,2024-04-13 00:15:13
100186000,0.028000000000000,1,2024-04-13 00:15:13
100188000,0.010000000000000,1,2024-04-13 00:15:13
100219000,0.118800000000000,1,2024-04-13 00:15:13
100220000,0.060800000000000,1,2024-04-13 00:15:13
100230000,0.000800000000000,1,2024-04-13 00:15:13
100095000,0.055700000000000,0,2024-04-13 00:15:18
100093000,0.064600000000000,0,2024-04-13 00:15:18
100092000,0.000100000000000,0,2024-04-13 00:15:18
100091000,0.061900000000000,0,2024-04-13 00:15:18
100089000,0.059400000000000,0,2024-04-13 00:15:18
100185000,0.091500000000000,1,2024-04-13 00:15:18
100188000,0.005100000000000,1,2024-04-13 00:15:18
100219000,0.118800000000000,1,2024-04-13 00:15:18
100220000,0.060800000000000,1,2024-04-13 00:15:18
100230000,0.000800000000000,1,2024-04-13 00:15:18
100093000,0.064600000000000,0,2024-04-13 00:15:23
100091000,0.061900000000000,0,2024-04-13 00:15:23
100085000,0.000200000000000,0,2024-04-13 00:15:23
100084000,0.000200000000000,0,2024-04-13 00:15:23
100070000,0.049000000000000,0,2024-04-13 00:15:23
100094000,0.020700000000000,1,2024-04-13 00:15:23
100095000,0.004700000000000,1,2024-04-13 00:15:23
100184000,0.118400000000000,1,2024-04-13 00:15:23
100185000,0.091600000000000,1,2024-04-13 00:15:23
100188000,0.104700000000000,1,2024-04-13 00:15:23
100093000,0.000100000000000,0,2024-04-13 00:15:28
100087000,0.042800000000000,0,2024-04-13 00:15:28
100086000,0.061500000000000,0,2024-04-13 00:15:28
100085000,0.000200000000000,0,2024-04-13 00:15:28
100084000,0.049800000000000,0,2024-04-13 00:15:28
100184000,0.070600000000000,1,2024-04-13 00:15:28
100185000,0.091500000000000,1,2024-04-13 00:15:28
100188000,0.005100000000000,1,2024-04-13 00:15:28
100198000,0.118400000000000,1,2024-04-13 00:15:28
100199000,0.056500000000000,1,2024-04-13 00:15:28
100094000,0.000100000000000,0,2024-04-13 00:15:34
100087000,0.042800000000000,0,2024-04-13 00:15:34
100086000,0.061500000000000,0,2024-04-13 00:15:34
100085000,0.000200000000000,0,2024-04-13 00:15:34
100084000,0.000200000000000,0,2024-04-13 00:15:34
100184000,0.000100000000000,1,2024-04-13 00:15:34
100188000,0.005100000000000,1,2024-04-13 00:15:34
100198000,0.118400000000000,1,2024-04-13 00:15:34
100199000,0.056500000000000,1,2024-04-13 00:15:34
100220000,0.060800000000000,1,2024-04-13 00:15:34
100095000,0.091000000000000,0,2024-04-13 00:15:39
100094000,0.000200000000000,0,2024-04-13 00:15:39
100086000,0.061500000000000,0,2024-04-13 00:15:39
100085000,0.000200000000000,0,2024-04-13 00:15:39
100084000,0.000200000000000,0,2024-04-13 00:15:39
100124000,0.000100000000000,1,2024-04-13 00:15:39
100172000,0.119500000000000,1,2024-04-13 00:15:39
100173000,0.099700000000000,1,2024-04-13 00:15:39
100174000,0.000800000000000,1,2024-04-13 00:15:39
100188000,1.805100000000000,1,2024-04-13 00:15:39
100095000,0.020200000000000,0,2024-04-13 00:15:44
100094000,0.000000000000000,0,2024-04-13 00:15:44
100086000,0.061500000000000,0,2024-04-13 00:15:44
100085000,0.000200000000000,0,2024-04-13 00:15:44
100084000,0.000200000000000,0,2024-04-13 00:15:44
100123000,0.010000000000000,1,2024-04-13 00:15:44
100124000,0.001100000000000,1,2024-04-13 00:15:44
100131000,0.099700000000000,1,2024-04-13 00:15:44
100174000,0.000800000000000,1,2024-04-13 00:15:44
100187000,0.119900000000000,1,2024-04-13 00:15:44
100086000,0.060200000000000,0,2024-04-13 00:15:49
100085000,0.000200000000000,0,2024-04-13 00:15:49
100084000,0.000200000000000,0,2024-04-13 00:15:49
100071000,0.096700000000000,0,2024-04-13 00:15:49
100069000,0.371600000000000,0,2024-04-13 00:15:49
100125000,0.000500000000000,1,2024-04-13 00:15:49
100139000,0.000500000000000,1,2024-04-13 00:15:49
100140000,0.096000000000000,1,2024-04-13 00:15:49
100174000,0.000800000000000,1,2024-04-13 00:15:49
100187000,0.119900000000000,1,2024-04-13 00:15:49
100071000,0.037600000000000,0,2024-04-13 00:15:54
100069000,0.371600000000000,0,2024-04-13 00:15:54
100065000,0.058000000000000,0,2024-04-13 00:15:54
100060000,0.009900000000000,0,2024-04-13 00:15:54
100052000,0.000200000000000,0,2024-04-13 00:15:54
100187000,0.118500000000000,1,2024-04-13 00:15:54
100188000,1.805100000000000,1,2024-04-13 00:15:54
100199000,0.056500000000000,1,2024-04-13 00:15:54
100220000,0.060800000000000,1,2024-04-13 00:15:54
100230000,0.000800000000000,1,2024-04-13 00:15:54
100073000,0.088800000000000,0,2024-04-13 00:15:59
100072000,0.165100000000000,0,2024-04-13 00:15:59
100071000,0.024500000000000,0,2024-04-13 00:15:59
100070000,0.000200000000000,0,2024-04-13 00:15:59
100069000,0.371600000000000,0,2024-04-13 00:15:59
100185000,0.069900000000000,1,2024-04-13 00:15:59
100186000,0.191200000000000,1,2024-04-13 00:15:59
100188000,1.805100000000000,1,2024-04-13 00:15:59
100199000,0.056500000000000,1,2024-04-13 00:15:59
100220000,0.060800000000000,1,2024-04-13 00:15:59
100085000,0.271700000000000,0,2024-04-13 00:16:04
100072000,0.164600000000000,0,2024-04-13 00:16:04
100071000,0.024300000000000,0,2024-04-13 00:16:04
100070000,0.000200000000000,0,2024-04-13 00:16:04
100069000,0.371400000000000,0,2024-04-13 00:16:04
100153000,0.001000000000000,1,2024-04-13 00:16:04
100174000,0.118100000000000,1,2024-04-13 00:16:04
100175000,0.053000000000000,1,2024-04-13 00:16:04
100176000,0.293000000000000,1,2024-04-13 00:16:04
100183000,0.010000000000000,1,2024-04-13 00:16:04
100086000,0.052700000000000,0,2024-04-13 00:16:10
100085000,0.281600000000000,0,2024-04-13 00:16:10
100072000,0.164600000000000,0,2024-04-13 00:16:10
100071000,0.024300000000000,0,2024-04-13 00:16:10
100070000,0.000200000000000,0,2024-04-13 00:16:10
100152000,0.075000000000000,1,2024-04-13 00:16:10
100153000,0.000800000000000,1,2024-04-13 00:16:10
100174000,0.118100000000000,1,2024-04-13 00:16:10
100175000,0.053000000000000,1,2024-04-13 00:16:10
100176000,0.293000000000000,1,2024-04-13 00:16:10
100090000,0.027500000000000,0,2024-04-13 00:16:15
100086000,0.051200000000000,0,2024-04-13 00:16:15
100085000,0.010100000000000,0,2024-04-13 00:16:15
100073000,0.060200000000000,0,2024-04-13 00:16:15
100072000,0.114800000000000,0,2024-04-13 00:16:15
100152000,0.074800000000000,1,2024-04-13 00:16:15
100153000,0.000800000000000,1,2024-04-13 00:16:15
100183000,0.010000000000000,1,2024-04-13 00:16:15
100185000,0.117300000000000,1,2024-04-13 00:16:15
100186000,0.091500000000000,1,2024-04-13 00:16:15
100085000,0.010100000000000,0,2024-04-13 00:16:20
100072000,0.064600000000000,0,2024-04-13 00:16:20
100071000,0.024500000000000,0,2024-04-13 00:16:20
100069000,0.373800000000000,0,2024-04-13 00:16:20
100067000,0.001000000000000,0,2024-04-13 00:16:20
100152000,0.078100000000000,1,2024-04-13 00:16:20
100153000,0.000800000000000,1,2024-04-13 00:16:20
100173000,0.056100000000000,1,2024-04-13 00:16:20
100183000,0.010000000000000,1,2024-04-13 00:16:20
100188000,0.005100000000000,1,2024-04-13 00:16:20
100071000,0.000100000000000,0,2024-04-13 00:16:25
100069000,0.374000000000000,0,2024-04-13 00:16:25
100067000,0.001000000000000,0,2024-04-13 00:16:25
100060000,0.009900000000000,0,2024-04-13 00:16:25
100052000,0.000200000000000,0,2024-04-13 00:16:25
100150000,0.008100000000000,1,2024-04-13 00:16:25
100151000,0.000700000000000,1,2024-04-13 00:16:25
100152000,0.053000000000000,1,2024-04-13 00:16:25
100153000,0.000800000000000,1,2024-04-13 00:16:25
100172000,0.077600000000000,1,2024-04-13 00:16:25
100071000,0.000300000000000,0,2024-04-13 00:16:30
100070000,0.121400000000000,0,2024-04-13 00:16:30
100069000,0.374000000000000,0,2024-04-13 00:16:30
100067000,0.001000000000000,0,2024-04-13 00:16:30
100060000,0.009900000000000,0,2024-04-13 00:16:30
100150000,0.007600000000000,1,2024-04-13 00:16:30
100151000,0.000700000000000,1,2024-04-13 00:16:30
100152000,0.053000000000000,1,2024-04-13 00:16:30
100153000,0.000800000000000,1,2024-04-13 00:16:30
100173000,0.083900000000000,1,2024-04-13 00:16:30
100079000,0.116800000000000,0,2024-04-13 00:16:35
100078000,0.293200000000000,0,2024-04-13 00:16:35
100072000,0.058000000000000,0,2024-04-13 00:16:35
100071000,0.000300000000000,0,2024-04-13 00:16:35
100069000,0.374000000000000,0,2024-04-13 00:16:35
100102000,0.000800000000000,1,2024-04-13 00:16:35
100130000,0.099600000000000,1,2024-04-13 00:16:35
100151000,0.000700000000000,1,2024-04-13 00:16:35
100152000,0.053000000000000,1,2024-04-13 00:16:35
100153000,0.000800000000000,1,2024-04-13 00:16:35
100102000,0.033600000000000,0,2024-04-13 00:16:40
100083000,0.121400000000000,0,2024-04-13 00:16:40
100082000,0.293200000000000,0,2024-04-13 00:16:40
100078000,0.000200000000000,0,2024-04-13 00:16:40
100072000,0.058000000000000,0,2024-04-13 00:16:40
100152000,0.132600000000000,1,2024-04-13 00:16:40
100153000,0.000800000000000,1,2024-04-13 00:16:40
100171000,0.091500000000000,1,2024-04-13 00:16:40
100173000,0.056300000000000,1,2024-04-13 00:16:40
100182000,0.599900000000000,1,2024-04-13 00:16:40
100108000,0.249100000000000,0,2024-04-13 00:16:45
100102000,0.031900000000000,0,2024-04-13 00:16:45
100082000,0.000200000000000,0,2024-04-13 00:16:45
100079000,0.000200000000000,0,2024-04-13 00:16:45
100078000,0.900000000000000,0,2024-04-13 00:16:45
100152000,0.033000000000000,1,2024-04-13 00:16:45
100153000,0.000800000000000,1,2024-04-13 00:16:45
100165000,0.099600000000000,1,2024-04-13 00:16:45
100171000,0.091500000000000,1,2024-04-13 00:16:45
100173000,0.056300000000000,1,2024-04-13 00:16:45
100108000,0.219400000000000,0,2024-04-13 00:16:51
100102000,0.031900000000000,0,2024-04-13 00:16:51
100096000,0.055300000000000,0,2024-04-13 00:16:51
100089000,0.293000000000000,0,2024-04-13 00:16:51
100082000,0.000200000000000,0,2024-04-13 00:16:51
100152000,0.033000000000000,1,2024-04-13 00:16:51
100153000,0.000800000000000,1,2024-04-13 00:16:51
100170000,0.099800000000000,1,2024-04-13 00:16:51
100171000,0.091500000000000,1,2024-04-13 00:16:51
100173000,0.000200000000000,1,2024-04-13 00:16:51
100108000,0.174300000000000,0,2024-04-13 00:16:56
100102000,0.032100000000000,0,2024-04-13 00:16:56
100097000,0.099800000000000,0,2024-04-13 00:16:56
100096000,0.055300000000000,0,2024-04-13 00:16:56
100089000,0.294000000000000,0,2024-04-13 00:16:56
100152000,0.032900000000000,1,2024-04-13 00:16:56
100153000,0.000800000000000,1,2024-04-13 00:16:56
100169000,0.099700000000000,1,2024-04-13 00:16:56
100170000,0.099800000000000,1,2024-04-13 00:16:56
100173000,0.000200000000000,1,2024-04-13 00:16:56
100102000,0.027800000000000,0,2024-04-13 00:17:01
100096000,0.055300000000000,0,2024-04-13 00:17:01
100089000,0.001000000000000,0,2024-04-13 00:17:01
100079000,0.096000000000000,0,2024-04-13 00:17:01
100078000,0.900200000000000,0,2024-04-13 00:17:01
100151000,0.000700000000000,1,2024-04-13 00:17:01
100152000,0.032900000000000,1,2024-04-13 00:17:01
100153000,0.000800000000000,1,2024-04-13 00:17:01
100165000,0.099600000000000,1,2024-04-13 00:17:01
100170000,0.099800000000000,1,2024-04-13 00:17:01
100110000,0.197100000000000,0,2024-04-13 00:17:06
100102000,0.028000000000000,0,2024-04-13 00:17:06
100096000,0.055300000000000,0,2024-04-13 00:17:06
100089000,0.001000000000000,0,2024-04-13 00:17:06
100079000,0.000200000000000,0,2024-04-13 00:17:06
100150000,0.099600000000000,1,2024-04-13 00:17:06
100151000,0.000800000000000,1,2024-04-13 00:17:06
100152000,0.032900000000000,1,2024-04-13 00:17:06
100153000,0.000800000000000,1,2024-04-13 00:17:06
100170000,0.100000000000000,1,2024-04-13 00:17:06
100092000,0.244000000000000,0,2024-04-13 00:17:11
100089000,0.001000000000000,0,2024-04-13 00:17:11
100079000,0.000200000000000,0,2024-04-13 00:17:11
