price,quantity,type,timestamp
98769000,0.005,0,2024-04-15 19:05:51
98768000,0.3317,0,2024-04-15 19:05:51
98765000,0.4051,0,2024-04-15 19:05:51
98757000,0.0002,0,2024-04-15 19:05:51
98746000,0.01,0,2024-04-15 19:05:51
98778000,0.0893,1,2024-04-15 19:05:51
98780000,0.0232,1,2024-04-15 19:05:51
98781000,0.0002,1,2024-04-15 19:05:51
98783000,0.0677,1,2024-04-15 19:05:51
98790000,0.0239,1,2024-04-15 19:05:51
98768000,0.3267,0,2024-04-15 19:05:56
98765000,0.4051,0,2024-04-15 19:05:56
98746000,0.01,0,2024-04-15 19:05:56
98740000,0.4052,0,2024-04-15 19:05:56
98724000,0.357,0,2024-04-15 19:05:56
98778000,0.0895,1,2024-04-15 19:05:56
98780000,0.0232,1,2024-04-15 19:05:56
98781000,0.0002,1,2024-04-15 19:05:56
98783000,0.0422,1,2024-04-15 19:05:56
98796000,0.0103,1,2024-04-15 19:05:56
98768000,0.326,0,2024-04-15 19:06:01
98765000,0.4051,0,2024-04-15 19:06:01
98750000,0.357,0,2024-04-15 19:06:01
98746000,0.01,0,2024-04-15 19:06:01
98740000,0.4052,0,2024-04-15 19:06:01
98778000,0.0894,1,2024-04-15 19:06:01
98780000,0.0232,1,2024-04-15 19:06:01
98781000,0.0002,1,2024-04-15 19:06:01
98783000,0.0422,1,2024-04-15 19:06:01
98789000,0.0255,1,2024-04-15 19:06:01
98768000,0.326,0,2024-04-15 19:06:06
98765000,0.4051,0,2024-04-15 19:06:06
98750000,0.357,0,2024-04-15 19:06:06
98746000,0.01,0,2024-04-15 19:06:06
98740000,0.4052,0,2024-04-15 19:06:06
98778000,0.0692,1,2024-04-15 19:06:06
98780000,0.0232,1,2024-04-15 19:06:06
98781000,0.0002,1,2024-04-15 19:06:06
98783000,0.0422,1,2024-04-15 19:06:06
98792000,0.0255,1,2024-04-15 19:06:06
98768000,0.2904,0,2024-04-15 19:06:11
98765000,0.4051,0,2024-04-15 19:06:11
98757000,0.0002,0,2024-04-15 19:06:11
98750000,0.357,0,2024-04-15 19:06:11
98746000,0.01,0,2024-04-15 19:06:11
98778000,0.0585,1,2024-04-15 19:06:11
98780000,0.0232,1,2024-04-15 19:06:11
98781000,0.0002,1,2024-04-15 19:06:11
98783000,0.0422,1,2024-04-15 19:06:11
98796000,0.0103,1,2024-04-15 19:06:11
98768000,0.1421,0,2024-04-15 19:06:16
98765000,0.4051,0,2024-04-15 19:06:16
98752000,0.0002,0,2024-04-15 19:06:16
98751000,0.0225,0,2024-04-15 19:06:16
98750000,0.357,0,2024-04-15 19:06:16
98778000,0.0585,1,2024-04-15 19:06:16
98780000,0.0232,1,2024-04-15 19:06:16
98781000,0.0002,1,2024-04-15 19:06:16
98783000,0.0422,1,2024-04-15 19:06:16
98796000,0.0103,1,2024-04-15 19:06:16
98768000,0.1411,0,2024-04-15 19:06:21
98765000,0.4051,0,2024-04-15 19:06:21
98751000,0.0444,0,2024-04-15 19:06:21
98750000,0.3753,0,2024-04-15 19:06:21
98749000,0.3969,0,2024-04-15 19:06:21
98778000,0.0486,1,2024-04-15 19:06:21
98780000,0.0232,1,2024-04-15 19:06:21
98781000,0.0002,1,2024-04-15 19:06:21
98783000,0.0422,1,2024-04-15 19:06:21
98796000,0.0103,1,2024-04-15 19:06:21
98768000,0.139,0,2024-04-15 19:06:26
98765000,0.4051,0,2024-04-15 19:06:26
98757000,0.0002,0,2024-04-15 19:06:26
98752000,0.0002,0,2024-04-15 19:06:26
98751000,0.0444,0,2024-04-15 19:06:26
98778000,0.0486,1,2024-04-15 19:06:26
98780000,0.0232,1,2024-04-15 19:06:26
98781000,0.0002,1,2024-04-15 19:06:26
98783000,0.0422,1,2024-04-15 19:06:26
98796000,0.0103,1,2024-04-15 19:06:26
98769000,0.0001,0,2024-04-15 19:06:31
98768000,0.139,0,2024-04-15 19:06:31
98765000,0.4051,0,2024-04-15 19:06:31
98757000,0.0002,0,2024-04-15 19:06:31
98746000,0.01,0,2024-04-15 19:06:31
98778000,0.0481,1,2024-04-15 19:06:31
98780000,0.0232,1,2024-04-15 19:06:31
98781000,0.0002,1,2024-04-15 19:06:31
98783000,0.0422,1,2024-04-15 19:06:31
98796000,0.0103,1,2024-04-15 19:06:31
98769000,0.0001,0,2024-04-15 19:06:36
98768000,0.1188,0,2024-04-15 19:06:36
98765000,0.4051,0,2024-04-15 19:06:36
98746000,0.01,0,2024-04-15 19:06:36
98740000,0.4052,0,2024-04-15 19:06:36
98778000,0.0483,1,2024-04-15 19:06:36
98780000,0.0232,1,2024-04-15 19:06:36
98781000,0.0002,1,2024-04-15 19:06:36
98783000,0.0422,1,2024-04-15 19:06:36
98787000,0.0255,1,2024-04-15 19:06:36
98768000,0.0909,0,2024-04-15 19:06:41
98765000,0.4051,0,2024-04-15 19:06:41
98746000,0.01,0,2024-04-15 19:06:41
98740000,0.4052,0,2024-04-15 19:06:41
98730000,0.0001,0,2024-04-15 19:06:41
98773000,0.0255,1,2024-04-15 19:06:41
98778000,0.0483,1,2024-04-15 19:06:41
98780000,0.0439,1,2024-04-15 19:06:41
98781000,0.0002,1,2024-04-15 19:06:41
98783000,0.0422,1,2024-04-15 19:06:41
98768000,0.0707,0,2024-04-15 19:06:47
98765000,0.4051,0,2024-04-15 19:06:47
98746000,0.01,0,2024-04-15 19:06:47
98740000,0.4052,0,2024-04-15 19:06:47
98730000,0.0001,0,2024-04-15 19:06:47
98773000,0.0,1,2024-04-15 19:06:47
98778000,0.0481,1,2024-04-15 19:06:47
98780000,0.0232,1,2024-04-15 19:06:47
98781000,0.0002,1,2024-04-15 19:06:47
98783000,0.0422,1,2024-04-15 19:06:47
98768000,0.0092,0,2024-04-15 19:06:52
98765000,0.4051,0,2024-04-15 19:06:52
98746000,0.01,0,2024-04-15 19:06:52
98740000,0.4052,0,2024-04-15 19:06:52
98730000,0.0001,0,2024-04-15 19:06:52
98773000,0.0255,1,2024-04-15 19:06:52
98778000,0.0481,1,2024-04-15 19:06:52
98780000,0.0439,1,2024-04-15 19:06:52
98781000,0.0002,1,2024-04-15 19:06:52
98783000,0.0422,1,2024-04-15 19:06:52
98765000,0.3519,0,2024-04-15 19:06:57
98757000,0.0002,0,2024-04-15 19:06:57
98746000,0.01,0,2024-04-15 19:06:57
98740000,0.4052,0,2024-04-15 19:06:57
98730000,0.0001,0,2024-04-15 19:06:57
98773000,0.0255,1,2024-04-15 19:06:57
98778000,0.0481,1,2024-04-15 19:06:57
98780000,0.0439,1,2024-04-15 19:06:57
98781000,0.0002,1,2024-04-15 19:06:57
98783000,0.0422,1,2024-04-15 19:06:57
98765000,0.3503,0,2024-04-15 19:07:02
98746000,0.01,0,2024-04-15 19:07:02
98740000,0.4052,0,2024-04-15 19:07:02
98730000,0.0001,0,2024-04-15 19:07:02
98720000,0.0001,0,2024-04-15 19:07:02
98778000,0.0433,1,2024-04-15 19:07:02
98780000,0.0439,1,2024-04-15 19:07:02
98781000,0.0002,1,2024-04-15 19:07:02
98783000,0.0422,1,2024-04-15 19:07:02
98784000,0.0239,1,2024-04-15 19:07:02
98765000,0.33,0,2024-04-15 19:07:07
98757000,0.0002,0,2024-04-15 19:07:07
98746000,0.01,0,2024-04-15 19:07:07
98740000,0.4052,0,2024-04-15 19:07:07
98730000,0.0001,0,2024-04-15 19:07:07
98767000,0.0047,1,2024-04-15 19:07:07
98778000,0.0433,1,2024-04-15 19:07:07
98780000,0.0232,1,2024-04-15 19:07:07
98781000,0.0002,1,2024-04-15 19:07:07
98783000,0.0422,1,2024-04-15 19:07:07
98765000,0.4292,0,2024-04-15 19:07:12
98746000,0.01,0,2024-04-15 19:07:12
98740000,0.4052,0,2024-04-15 19:07:12
98730000,0.0001,0,2024-04-15 19:07:12
98721000,0.0002,0,2024-04-15 19:07:12
98767000,0.0047,1,2024-04-15 19:07:12
98778000,0.0433,1,2024-04-15 19:07:12
98780000,0.0232,1,2024-04-15 19:07:12
98781000,0.0002,1,2024-04-15 19:07:12
98783000,0.0422,1,2024-04-15 19:07:12
98769000,0.0662,0,2024-04-15 19:07:17
98765000,0.4288,0,2024-04-15 19:07:17
98746000,0.01,0,2024-04-15 19:07:17
98744000,0.057,0,2024-04-15 19:07:17
98740000,0.4489,0,2024-04-15 19:07:17
98778000,0.0433,1,2024-04-15 19:07:17
98780000,0.0232,1,2024-04-15 19:07:17
98781000,0.0002,1,2024-04-15 19:07:17
98783000,0.0422,1,2024-04-15 19:07:17
98796000,0.0103,1,2024-04-15 19:07:17
98769000,0.0595,0,2024-04-15 19:07:22
98765000,0.4288,0,2024-04-15 19:07:22
98757000,0.0002,0,2024-04-15 19:07:22
98752000,0.0619,0,2024-04-15 19:07:22
98751000,0.0342,0,2024-04-15 19:07:22
98778000,0.0431,1,2024-04-15 19:07:22
98780000,0.0232,1,2024-04-15 19:07:22
98781000,0.0002,1,2024-04-15 19:07:22
98783000,0.0422,1,2024-04-15 19:07:22
98796000,0.0103,1,2024-04-15 19:07:22
98769000,0.0557,0,2024-04-15 19:07:27
98765000,0.4288,0,2024-04-15 19:07:27
98757000,0.0002,0,2024-04-15 19:07:27
98746000,0.01,0,2024-04-15 19:07:27
98744000,0.057,0,2024-04-15 19:07:27
98778000,0.0431,1,2024-04-15 19:07:27
98780000,0.0232,1,2024-04-15 19:07:27
98781000,0.0002,1,2024-04-15 19:07:27
98783000,0.0422,1,2024-04-15 19:07:27
98796000,0.0103,1,2024-04-15 19:07:27
98769000,0.0557,0,2024-04-15 19:07:32
98765000,0.4288,0,2024-04-15 19:07:32
98757000,0.0002,0,2024-04-15 19:07:32
98746000,0.01,0,2024-04-15 19:07:32
98744000,0.057,0,2024-04-15 19:07:32
98778000,0.0429,1,2024-04-15 19:07:32
98780000,0.0232,1,2024-04-15 19:07:32
98781000,0.0002,1,2024-04-15 19:07:32
98783000,0.0422,1,2024-04-15 19:07:32
98796000,0.0103,1,2024-04-15 19:07:32
98769000,0.0556,0,2024-04-15 19:07:38
98765000,0.4288,0,2024-04-15 19:07:38
98746000,0.01,0,2024-04-15 19:07:38
98744000,0.057,0,2024-04-15 19:07:38
98740000,0.4052,0,2024-04-15 19:07:38
98777000,0.0337,1,2024-04-15 19:07:38
98778000,0.0429,1,2024-04-15 19:07:38
98780000,0.0232,1,2024-04-15 19:07:38
98781000,0.0002,1,2024-04-15 19:07:38
98783000,0.0422,1,2024-04-15 19:07:38
98769000,0.0556,0,2024-04-15 19:07:43
98765000,0.4288,0,2024-04-15 19:07:43
98746000,0.01,0,2024-04-15 19:07:43
98744000,0.057,0,2024-04-15 19:07:43
98740000,0.4052,0,2024-04-15 19:07:43
98777000,0.0297,1,2024-04-15 19:07:43
98778000,0.0429,1,2024-04-15 19:07:43
98780000,0.0232,1,2024-04-15 19:07:43
98781000,0.0002,1,2024-04-15 19:07:43
98783000,0.0422,1,2024-04-15 19:07:43
98769000,0.1103,0,2024-04-15 19:07:48
98765000,0.4288,0,2024-04-15 19:07:48
98760000,0.0001,0,2024-04-15 19:07:48
98757000,0.044,0,2024-04-15 19:07:48
98756000,0.0182,0,2024-04-15 19:07:48
98777000,0.0297,1,2024-04-15 19:07:48
98778000,0.0429,1,2024-04-15 19:07:48
98780000,0.0232,1,2024-04-15 19:07:48
98781000,0.0002,1,2024-04-15 19:07:48
98783000,0.0422,1,2024-04-15 19:07:48
98769000,0.0967,0,2024-04-15 19:07:53
98765000,0.4288,0,2024-04-15 19:07:53
98760000,0.0001,0,2024-04-15 19:07:53
98757000,0.044,0,2024-04-15 19:07:53
98756000,0.0182,0,2024-04-15 19:07:53
98777000,0.0205,1,2024-04-15 19:07:53
98778000,0.0429,1,2024-04-15 19:07:53
98780000,0.0232,1,2024-04-15 19:07:53
98781000,0.0002,1,2024-04-15 19:07:53
98783000,0.0422,1,2024-04-15 19:07:53
98769000,0.0967,0,2024-04-15 19:07:58
98765000,0.4288,0,2024-04-15 19:07:58
98760000,0.0003,0,2024-04-15 19:07:58
98757000,0.0438,0,2024-04-15 19:07:58
98756000,0.0303,0,2024-04-15 19:07:58
98777000,0.0068,1,2024-04-15 19:07:58
98778000,0.0429,1,2024-04-15 19:07:58
98780000,0.0232,1,2024-04-15 19:07:58
98781000,0.0002,1,2024-04-15 19:07:58
98783000,0.0422,1,2024-04-15 19:07:58
98769000,0.0967,0,2024-04-15 19:08:03
98765000,0.429,0,2024-04-15 19:08:03
98761000,0.0619,0,2024-04-15 19:08:03
98760000,0.0218,0,2024-04-15 19:08:03
98759000,0.0224,0,2024-04-15 19:08:03
98780000,0.0002,1,2024-04-15 19:08:03
98781000,0.0002,1,2024-04-15 19:08:03
98783000,0.0422,1,2024-04-15 19:08:03
98796000,0.0103,1,2024-04-15 19:08:03
98798000,0.0001,1,2024-04-15 19:08:03
98769000,0.0718,0,2024-04-15 19:08:08
98765000,0.429,0,2024-04-15 19:08:08
98764000,0.0254,0,2024-04-15 19:08:08
98761000,0.0122,0,2024-04-15 19:08:08
98760000,0.0437,0,2024-04-15 19:08:08
98780000,0.0001,1,2024-04-15 19:08:08
98781000,0.0002,1,2024-04-15 19:08:08
98783000,0.0422,1,2024-04-15 19:08:08
98796000,0.0103,1,2024-04-15 19:08:08
98798000,0.0001,1,2024-04-15 19:08:08
98783000,0.0002,0,2024-04-15 19:08:13
98769000,0.071,0,2024-04-15 19:08:13
98768000,0.0254,0,2024-04-15 19:08:13
98766000,0.0123,0,2024-04-15 19:08:13
98765000,0.429,0,2024-04-15 19:08:13
98796000,0.0102,1,2024-04-15 19:08:13
98798000,0.0001,1,2024-04-15 19:08:13
98800000,0.0001,1,2024-04-15 19:08:13
98801000,0.0002,1,2024-04-15 19:08:13
98803000,0.0079,1,2024-04-15 19:08:13
98769000,0.071,0,2024-04-15 19:08:18
98768000,0.0254,0,2024-04-15 19:08:18
98765000,0.429,0,2024-04-15 19:08:18
98764000,0.0217,0,2024-04-15 19:08:18
98763000,0.0858,0,2024-04-15 19:08:18
98783000,0.8619,1,2024-04-15 19:08:18
98796000,0.0102,1,2024-04-15 19:08:18
98798000,0.0001,1,2024-04-15 19:08:18
98800000,0.0001,1,2024-04-15 19:08:18
98801000,0.0002,1,2024-04-15 19:08:18
98769000,0.071,0,2024-04-15 19:08:23
98768000,0.0254,0,2024-04-15 19:08:23
98766000,0.0002,0,2024-04-15 19:08:23
98765000,0.429,0,2024-04-15 19:08:23
98764000,0.0217,0,2024-04-15 19:08:23
98783000,0.8619,1,2024-04-15 19:08:23
98795000,0.0151,1,2024-04-15 19:08:23
98796000,0.0102,1,2024-04-15 19:08:23
98798000,0.0001,1,2024-04-15 19:08:23
98800000,0.0001,1,2024-04-15 19:08:23
98769000,0.071,0,2024-04-15 19:08:28
98765000,0.429,0,2024-04-15 19:08:28
98759000,0.0254,0,2024-04-15 19:08:28
98757000,0.0003,0,2024-04-15 19:08:28
98755000,0.0437,0,2024-04-15 19:08:28
98783000,0.8617,1,2024-04-15 19:08:28
98795000,0.0151,1,2024-04-15 19:08:28
98796000,0.0102,1,2024-04-15 19:08:28
98798000,0.0001,1,2024-04-15 19:08:28
98800000,0.0001,1,2024-04-15 19:08:28
98769000,0.071,0,2024-04-15 19:08:33
98765000,0.429,0,2024-04-15 19:08:33
98759000,0.0254,0,2024-04-15 19:08:33
98757000,0.0125,0,2024-04-15 19:08:33
98755000,0.0437,0,2024-04-15 19:08:33
98783000,0.8616,1,2024-04-15 19:08:33
98796000,0.0102,1,2024-04-15 19:08:33
98798000,0.0001,1,2024-04-15 19:08:33
98800000,0.0001,1,2024-04-15 19:08:33
98801000,0.0002,1,2024-04-15 19:08:33
98769000,0.0351,0,2024-04-15 19:08:39
98765000,0.429,0,2024-04-15 19:08:39
98759000,0.0254,0,2024-04-15 19:08:39
98757000,0.0003,0,2024-04-15 19:08:39
98755000,0.0437,0,2024-04-15 19:08:39
98783000,0.0004,1,2024-04-15 19:08:39
98796000,0.0102,1,2024-04-15 19:08:39
98798000,0.0001,1,2024-04-15 19:08:39
98800000,0.0001,1,2024-04-15 19:08:39
98801000,0.0002,1,2024-04-15 19:08:39
98765000,0.429,0,2024-04-15 19:08:44
98757000,0.0001,0,2024-04-15 19:08:44
98750000,0.0001,0,2024-04-15 19:08:44
98746000,0.01,0,2024-04-15 19:08:44
98744000,0.0001,0,2024-04-15 19:08:44
98769000,0.8177,1,2024-04-15 19:08:44
98783000,0.0002,1,2024-04-15 19:08:44
98796000,0.0102,1,2024-04-15 19:08:44
98798000,0.0001,1,2024-04-15 19:08:44
98799000,0.0002,1,2024-04-15 19:08:44
98772000,0.357,0,2024-04-15 19:08:49
98771000,0.0256,0,2024-04-15 19:08:49
98767000,0.0217,0,2024-04-15 19:08:49
98766000,0.1082,0,2024-04-15 19:08:49
98765000,0.8073,0,2024-04-15 19:08:49
98796000,0.0102,1,2024-04-15 19:08:49
98798000,0.0001,1,2024-04-15 19:08:49
98799000,0.0002,1,2024-04-15 19:08:49
98800000,0.0001,1,2024-04-15 19:08:49
98801000,0.0002,1,2024-04-15 19:08:49
98772000,0.3573,0,2024-04-15 19:08:54
98771000,0.0254,0,2024-04-15 19:08:54
98767000,0.0217,0,2024-04-15 19:08:54
98766000,0.1082,0,2024-04-15 19:08:54
98765000,0.8073,0,2024-04-15 19:08:54
98796000,0.004,1,2024-04-15 19:08:54
98798000,0.0001,1,2024-04-15 19:08:54
98799000,0.0002,1,2024-04-15 19:08:54
98800000,0.0001,1,2024-04-15 19:08:54
98801000,0.0002,1,2024-04-15 19:08:54
98799000,0.0007,0,2024-04-15 19:08:59
98777000,0.0002,0,2024-04-15 19:08:59
98770000,0.0499,0,2024-04-15 19:08:59
98769000,0.0224,0,2024-04-15 19:08:59
98768000,0.0824,0,2024-04-15 19:08:59
98800000,0.0001,1,2024-04-15 19:08:59
98801000,0.0002,1,2024-04-15 19:08:59
98803000,0.0079,1,2024-04-15 19:08:59
98804000,0.0006,1,2024-04-15 19:08:59
98809000,0.0006,1,2024-04-15 19:08:59
98799000,0.0005,0,2024-04-15 19:09:04
98781000,0.3572,0,2024-04-15 19:09:04
98777000,0.0002,0,2024-04-15 19:09:04
98770000,0.0499,0,2024-04-15 19:09:04
98769000,0.0224,0,2024-04-15 19:09:04
98800000,0.0,1,2024-04-15 19:09:04
98801000,0.0002,1,2024-04-15 19:09:04
98803000,0.0079,1,2024-04-15 19:09:04
98804000,0.0006,1,2024-04-15 19:09:04
98809000,0.0006,1,2024-04-15 19:09:04
98799000,0.0009,0,2024-04-15 19:09:09
98798000,0.0004,0,2024-04-15 19:09:09
98797000,0.0004,0,2024-04-15 19:09:09
98796000,0.0004,0,2024-04-15 19:09:09
98781000,0.3572,0,2024-04-15 19:09:09
98800000,0.0,1,2024-04-15 19:09:09
98801000,0.0002,1,2024-04-15 19:09:09
98803000,0.0079,1,2024-04-15 19:09:09
98804000,0.0006,1,2024-04-15 19:09:09
98809000,0.0006,1,2024-04-15 19:09:09
98796000,0.0001,0,2024-04-15 19:09:14
98793000,0.0002,0,2024-04-15 19:09:14
98787000,0.0155,0,2024-04-15 19:09:14
98786000,0.0568,0,2024-04-15 19:09:14
98785000,0.1146,0,2024-04-15 19:09:14
98799000,0.0,1,2024-04-15 19:09:14
98801000,0.0002,1,2024-04-15 19:09:14
98803000,0.0079,1,2024-04-15 19:09:14
98804000,0.0006,1,2024-04-15 19:09:14
98809000,0.0006,1,2024-04-15 19:09:14
98790000,0.0002,0,2024-04-15 19:09:19
98786000,0.0001,0,2024-04-15 19:09:19
98783000,0.0501,0,2024-04-15 19:09:19
98782000,0.0224,0,2024-04-15 19:09:19
98781000,0.4718,0,2024-04-15 19:09:19
98799000,0.0033,1,2024-04-15 19:09:19
98801000,0.0002,1,2024-04-15 19:09:19
98803000,0.0079,1,2024-04-15 19:09:19
98804000,0.0006,1,2024-04-15 19:09:19
98809000,0.0006,1,2024-04-15 19:09:19
98786000,0.005,0,2024-04-15 19:09:24
98781000,0.0003,0,2024-04-15 19:09:24
98774000,0.0499,0,2024-04-15 19:09:24
98773000,0.0224,0,2024-04-15 19:09:24
98772000,0.1146,0,2024-04-15 19:09:24
98790000,0.0022,1,2024-04-15 19:09:24
98799000,0.0026,1,2024-04-15 19:09:24
98801000,0.0002,1,2024-04-15 19:09:24
98803000,0.0079,1,2024-04-15 19:09:24
98804000,0.0006,1,2024-04-15 19:09:24
98786000,0.0051,0,2024-04-15 19:09:29
98778000,0.0002,0,2024-04-15 19:09:29
98771000,0.0722,0,2024-04-15 19:09:29
98770000,0.0322,0,2024-04-15 19:09:29
98769000,0.0823,0,2024-04-15 19:09:29
98790000,0.0022,1,2024-04-15 19:09:29
98799000,0.0026,1,2024-04-15 19:09:29
98801000,0.0002,1,2024-04-15 19:09:29
98803000,0.0079,1,2024-04-15 19:09:29
98804000,0.0006,1,2024-04-15 19:09:29
98786000,0.0051,0,2024-04-15 19:09:35
98767000,0.357,0,2024-04-15 19:09:35
98765000,0.7858,0,2024-04-15 19:09:35
98763000,0.0649,0,2024-04-15 19:09:35
98759000,0.0002,0,2024-04-15 19:09:35
98790000,0.0022,1,2024-04-15 19:09:35
98799000,0.0026,1,2024-04-15 19:09:35
98801000,0.0002,1,2024-04-15 19:09:35
98803000,0.0079,1,2024-04-15 19:09:35
98804000,0.0006,1,2024-04-15 19:09:35
98786000,0.0051,0,2024-04-15 19:09:40
98767000,0.3572,0,2024-04-15 19:09:40
98765000,0.4288,0,2024-04-15 19:09:40
98763000,0.0649,0,2024-04-15 19:09:40
98759000,0.0002,0,2024-04-15 19:09:40
98790000,0.001,1,2024-04-15 19:09:40
98799000,0.0026,1,2024-04-15 19:09:40
98801000,0.0002,1,2024-04-15 19:09:40
98803000,0.0079,1,2024-04-15 19:09:40
98804000,0.0006,1,2024-04-15 19:09:40
98786000,0.0051,0,2024-04-15 19:09:45
98780000,0.0002,0,2024-04-15 19:09:45
98778000,0.0505,0,2024-04-15 19:09:45
98773000,0.0499,0,2024-04-15 19:09:45
98772000,0.0224,0,2024-04-15 19:09:45
98790000,0.0009,1,2024-04-15 19:09:45
98799000,0.0026,1,2024-04-15 19:09:45
98801000,0.0002,1,2024-04-15 19:09:45
98803000,0.0079,1,2024-04-15 19:09:45
98804000,0.0006,1,2024-04-15 19:09:45
98786000,0.005,0,2024-04-15 19:09:50
98785000,0.0722,0,2024-04-15 19:09:50
98784000,0.0322,0,2024-04-15 19:09:50
98783000,0.0824,0,2024-04-15 19:09:50
98782000,0.0224,0,2024-04-15 19:09:50
98790000,0.0007,1,2024-04-15 19:09:50
98799000,0.0026,1,2024-04-15 19:09:50
98801000,0.0002,1,2024-04-15 19:09:50
98803000,0.0079,1,2024-04-15 19:09:50
98804000,0.0006,1,2024-04-15 19:09:50
98786000,0.0032,0,2024-04-15 19:09:55
98785000,0.0712,0,2024-04-15 19:09:55
98784000,0.0322,0,2024-04-15 19:09:55
98782000,0.0226,0,2024-04-15 19:09:55
98781000,0.0348,0,2024-04-15 19:09:55
98799000,0.0011,1,2024-04-15 19:09:55
98801000,0.0002,1,2024-04-15 19:09:55
98803000,0.0079,1,2024-04-15 19:09:55
98804000,0.0006,1,2024-04-15 19:09:55
98809000,0.0006,1,2024-04-15 19:09:55
98787000,0.0136,0,2024-04-15 19:10:00
98786000,0.0029,0,2024-04-15 19:10:00
98785000,0.1392,0,2024-04-15 19:10:00
98784000,0.0322,0,2024-04-15 19:10:00
98782000,0.0226,0,2024-04-15 19:10:00
98799000,0.0,1,2024-04-15 19:10:00
98801000,0.0002,1,2024-04-15 19:10:00
98803000,0.0079,1,2024-04-15 19:10:00
98804000,0.0006,1,2024-04-15 19:10:00
98809000,0.0006,1,2024-04-15 19:10:00
98787000,0.0116,0,2024-04-15 19:10:05
98786000,0.0029,0,2024-04-15 19:10:05
98785000,0.1392,0,2024-04-15 19:10:05
98784000,0.0322,0,2024-04-15 19:10:05
98783000,0.0188,0,2024-04-15 19:10:05
98799000,0.0,1,2024-04-15 19:10:05
98801000,0.0002,1,2024-04-15 19:10:05
98803000,0.0079,1,2024-04-15 19:10:05
98804000,0.0006,1,2024-04-15 19:10:05
98809000,0.0006,1,2024-04-15 19:10:05
98787000,0.0116,0,2024-04-15 19:10:10
98786000,0.0029,0,2024-04-15 19:10:10
98785000,0.1392,0,2024-04-15 19:10:10
98784000,0.0322,0,2024-04-15 19:10:10
98783000,0.0191,0,2024-04-15 19:10:10
98799000,0.0,1,2024-04-15 19:10:10
98801000,0.0002,1,2024-04-15 19:10:10
98803000,0.0079,1,2024-04-15 19:10:10
98804000,0.0006,1,2024-04-15 19:10:10
98809000,0.0006,1,2024-04-15 19:10:10
98800000,0.0005,0,2024-04-15 19:10:16
98799000,0.0001,0,2024-04-15 19:10:16
98787000,0.0093,0,2024-04-15 19:10:16
98786000,0.0029,0,2024-04-15 19:10:16
98785000,0.1392,0,2024-04-15 19:10:16
98801000,0.0003,1,2024-04-15 19:10:16
98803000,0.0079,1,2024-04-15 19:10:16
98804000,0.0006,1,2024-04-15 19:10:16
98809000,0.0006,1,2024-04-15 19:10:16
98810000,0.0014,1,2024-04-15 19:10:16
98786000,0.001,0,2024-04-15 19:10:21
98785000,0.1394,0,2024-04-15 19:10:21
98784000,0.0322,0,2024-04-15 19:10:21
98783000,0.0189,0,2024-04-15 19:10:21
98782000,0.0226,0,2024-04-15 19:10:21
98787000,0.0057,1,2024-04-15 19:10:21
98801000,0.0002,1,2024-04-15 19:10:21
98803000,0.0079,1,2024-04-15 19:10:21
98804000,0.0006,1,2024-04-15 19:10:21
98809000,0.0006,1,2024-04-15 19:10:21
98785000,0.1384,0,2024-04-15 19:10:26
98784000,0.0322,0,2024-04-15 19:10:26
98783000,0.0189,0,2024-04-15 19:10:26
98782000,0.0226,0,2024-04-15 19:10:26
98781000,0.0348,0,2024-04-15 19:10:26
98787000,0.0058,1,2024-04-15 19:10:26
98801000,0.0198,1,2024-04-15 19:10:26
98803000,0.0079,1,2024-04-15 19:10:26
98804000,0.0006,1,2024-04-15 19:10:26
98809000,0.0006,1,2024-04-15 19:10:26
98799000,0.0933,0,2024-04-15 19:10:31
98785000,0.1386,0,2024-04-15 19:10:31
98784000,0.0322,0,2024-04-15 19:10:31
98783000,0.0189,0,2024-04-15 19:10:31
98782000,0.0224,0,2024-04-15 19:10:31
98801000,0.0132,1,2024-04-15 19:10:31
98803000,0.0079,1,2024-04-15 19:10:31
98804000,0.0006,1,2024-04-15 19:10:31
98809000,0.0006,1,2024-04-15 19:10:31
98810000,0.0014,1,2024-04-15 19:10:31
98799000,0.0852,0,2024-04-15 19:10:36
98785000,0.1386,0,2024-04-15 19:10:36
98784000,0.0322,0,2024-04-15 19:10:36
98783000,0.0189,0,2024-04-15 19:10:36
98782000,0.0224,0,2024-04-15 19:10:36
98801000,0.0,1,2024-04-15 19:10:36
98803000,0.0079,1,2024-04-15 19:10:36
98804000,0.0006,1,2024-04-15 19:10:36
98809000,0.0006,1,2024-04-15 19:10:36
98810000,0.0014,1,2024-04-15 19:10:36
98801000,0.0999,0,2024-04-15 19:10:41
98799000,0.0832,0,2024-04-15 19:10:41
98785000,0.1386,0,2024-04-15 19:10:41
98784000,0.0322,0,2024-04-15 19:10:41
98783000,0.0189,0,2024-04-15 19:10:41
98803000,0.0079,1,2024-04-15 19:10:41
98804000,0.0006,1,2024-04-15 19:10:41
98809000,0.0006,1,2024-04-15 19:10:41
98810000,0.0014,1,2024-04-15 19:10:41
98811000,0.0004,1,2024-04-15 19:10:41
98801000,0.0689,0,2024-04-15 19:10:46
98799000,0.083,0,2024-04-15 19:10:46
98785000,0.1386,0,2024-04-15 19:10:46
98784000,0.0322,0,2024-04-15 19:10:46
98783000,0.0189,0,2024-04-15 19:10:46
98803000,0.0078,1,2024-04-15 19:10:46
98804000,0.0006,1,2024-04-15 19:10:46
98809000,0.0006,1,2024-04-15 19:10:46
98810000,0.0014,1,2024-04-15 19:10:46
98811000,0.0004,1,2024-04-15 19:10:46
98801000,0.0692,0,2024-04-15 19:10:51
98799000,0.083,0,2024-04-15 19:10:51
98785000,0.1386,0,2024-04-15 19:10:51
98784000,0.0322,0,2024-04-15 19:10:51
98783000,0.0189,0,2024-04-15 19:10:51
98803000,0.0078,1,2024-04-15 19:10:51
98804000,0.0006,1,2024-04-15 19:10:51
98809000,0.0006,1,2024-04-15 19:10:51
98810000,0.0014,1,2024-04-15 19:10:51
98811000,0.0004,1,2024-04-15 19:10:51
98801000,0.1126,0,2024-04-15 19:10:57
98785000,0.1386,0,2024-04-15 19:10:57
98784000,0.0322,0,2024-04-15 19:10:57
98783000,0.0189,0,2024-04-15 19:10:57
98782000,0.0224,0,2024-04-15 19:10:57
98803000,0.0078,1,2024-04-15 19:10:57
98804000,0.0006,1,2024-04-15 19:10:57
98809000,0.0006,1,2024-04-15 19:10:57
98810000,0.0014,1,2024-04-15 19:10:57
98811000,0.0004,1,2024-04-15 19:10:57
98801000,0.1101,0,2024-04-15 19:11:02
98785000,0.1386,0,2024-04-15 19:11:02
98784000,0.0322,0,2024-04-15 19:11:02
98783000,0.0189,0,2024-04-15 19:11:02
98782000,0.0224,0,2024-04-15 19:11:02
98803000,0.0078,1,2024-04-15 19:11:02
98804000,0.0006,1,2024-04-15 19:11:02
98809000,0.0006,1,2024-04-15 19:11:02
98810000,0.0014,1,2024-04-15 19:11:02
98811000,0.0004,1,2024-04-15 19:11:02
98801000,0.1904,0,2024-04-15 19:11:07
98785000,0.0348,0,2024-04-15 19:11:07
98784000,0.0322,0,2024-04-15 19:11:07
98783000,0.0403,0,2024-04-15 19:11:07
98782000,0.0824,0,2024-04-15 19:11:07
98803000,0.0077,1,2024-04-15 19:11:07
98804000,0.0006,1,2024-04-15 19:11:07
98809000,0.0006,1,2024-04-15 19:11:07
98810000,0.0014,1,2024-04-15 19:11:07
98811000,0.0004,1,2024-04-15 19:11:07
98801000,0.1785,0,2024-04-15 19:11:12
98785000,0.0002,0,2024-04-15 19:11:12
98781000,0.0102,0,2024-04-15 19:11:12
98780000,0.0002,0,2024-04-15 19:11:12
98778000,0.0505,0,2024-04-15 19:11:12
98803000,0.0076,1,2024-04-15 19:11:12
98804000,0.0006,1,2024-04-15 19:11:12
98809000,0.0006,1,2024-04-15 19:11:12
98810000,0.0014,1,2024-04-15 19:11:12
98811000,0.0004,1,2024-04-15 19:11:12
98801000,0.0934,0,2024-04-15 19:11:17
98785000,0.0002,0,2024-04-15 19:11:17
98781000,0.01,0,2024-04-15 19:11:17
98780000,0.0002,0,2024-04-15 19:11:17
98778000,0.0505,0,2024-04-15 19:11:17
98803000,0.0076,1,2024-04-15 19:11:17
98804000,0.0006,1,2024-04-15 19:11:17
98809000,0.0006,1,2024-04-15 19:11:17
98810000,0.0014,1,2024-04-15 19:11:17
98811000,0.0004,1,2024-04-15 19:11:17
98801000,0.0717,0,2024-04-15 19:11:22
98785000,0.0002,0,2024-04-15 19:11:22
98781000,0.01,0,2024-04-15 19:11:22
98780000,0.0002,0,2024-04-15 19:11:22
98778000,0.0505,0,2024-04-15 19:11:22
98803000,0.0075,1,2024-04-15 19:11:22
98804000,0.0006,1,2024-04-15 19:11:22
98805000,0.0182,1,2024-04-15 19:11:22
98809000,0.0006,1,2024-04-15 19:11:22
98810000,0.0014,1,2024-04-15 19:11:22
98778000,0.0407,0,2024-04-15 19:11:27
98765000,0.1012,0,2024-04-15 19:11:27
98760000,0.0002,0,2024-04-15 19:11:27
98757000,0.0001,0,2024-04-15 19:11:27
98750000,0.0001,0,2024-04-15 19:11:27
98791000,0.0002,1,2024-04-15 19:11:27
98796000,0.1181,1,2024-04-15 19:11:27
98797000,0.0207,1,2024-04-15 19:11:27
98801000,0.0239,1,2024-04-15 19:11:27
98802000,0.0478,1,2024-04-15 19:11:27
98778000,0.0389,0,2024-04-15 19:11:32
98765000,0.1012,0,2024-04-15 19:11:32
98760000,0.0002,0,2024-04-15 19:11:32
98757000,0.0001,0,2024-04-15 19:11:32
98750000,0.0001,0,2024-04-15 19:11:32
98797000,0.1106,1,2024-04-15 19:11:32
98801000,0.1259,1,2024-04-15 19:11:32
98802000,0.0002,1,2024-04-15 19:11:32
98803000,0.03,1,2024-04-15 19:11:32
98804000,0.1006,1,2024-04-15 19:11:32
98791000,2.0004,0,2024-04-15 19:11:37
98778000,0.0731,0,2024-04-15 19:11:37
98776000,0.0004,0,2024-04-15 19:11:37
98775000,0.0725,0,2024-04-15 19:11:37
98774000,0.1141,0,2024-04-15 19:11:37
98797000,0.1,1,2024-04-15 19:11:37
98801000,0.102,1,2024-04-15 19:11:37
98802000,0.0002,1,2024-04-15 19:11:37
98803000,0.0075,1,2024-04-15 19:11:37
98804000,0.1006,1,2024-04-15 19:11:37
98791000,3.9984,0,2024-04-15 19:11:43
98778000,0.0623,0,2024-04-15 19:11:43
98765000,0.1012,0,2024-04-15 19:11:43
98760000,0.0002,0,2024-04-15 19:11:43
98757000,0.0001,0,2024-04-15 19:11:43
98797000,0.0998,1,2024-04-15 19:11:43
98801000,0.102,1,2024-04-15 19:11:43
98802000,0.0002,1,2024-04-15 19:11:43
98803000,0.0075,1,2024-04-15 19:11:43
98804000,0.1006,1,2024-04-15 19:11:43
98791000,3.8806,0,2024-04-15 19:11:48
98778000,0.0623,0,2024-04-15 19:11:48
98765000,0.1012,0,2024-04-15 19:11:48
98760000,0.0002,0,2024-04-15 19:11:48
98757000,0.0001,0,2024-04-15 19:11:48
98792000,0.1803,1,2024-04-15 19:11:48
98795000,0.357,1,2024-04-15 19:11:48
98796000,1.9168,1,2024-04-15 19:11:48
98797000,0.9998,1,2024-04-15 19:11:48
98801000,0.102,1,2024-04-15 19:11:48
98791000,1.0306,0,2024-04-15 19:11:53
98778000,0.0623,0,2024-04-15 19:11:53
98765000,0.1012,0,2024-04-15 19:11:53
98760000,0.0002,0,2024-04-15 19:11:53
98757000,0.0001,0,2024-04-15 19:11:53
98792000,0.0592,1,2024-04-15 19:11:53
98793000,0.0601,1,2024-04-15 19:11:53
98795000,0.9633,1,2024-04-15 19:11:53
98796000,1.8002,1,2024-04-15 19:11:53
98797000,0.0998,1,2024-04-15 19:11:53
98704000,0.007,0,2024-04-15 19:11:58
98701000,0.2148,0,2024-04-15 19:11:58
98700000,0.0819,0,2024-04-15 19:11:58
98687000,0.0,0,2024-04-15 19:11:58
98683000,0.001,0,2024-04-15 19:11:58
98774000,1.8,1,2024-04-15 19:11:58
98778000,0.9128,1,2024-04-15 19:11:58
98784000,0.0589,1,2024-04-15 19:11:58
98789000,0.0595,1,2024-04-15 19:11:58
98790000,0.0575,1,2024-04-15 19:11:58
98704000,0.005,0,2024-04-15 19:12:03
98701000,0.215,0,2024-04-15 19:12:03
98700000,0.0819,0,2024-04-15 19:12:03
98687000,0.0,0,2024-04-15 19:12:03
98683000,0.001,0,2024-04-15 19:12:03
98745000,0.0104,1,2024-04-15 19:12:03
98746000,0.0603,1,2024-04-15 19:12:03
98747000,0.0642,1,2024-04-15 19:12:03
98771000,0.0624,1,2024-04-15 19:12:03
98772000,1.8,1,2024-04-15 19:12:03
98701000,0.1959,0,2024-04-15 19:12:08
98700000,0.0821,0,2024-04-15 19:12:08
98687000,0.0,0,2024-04-15 19:12:08
98683000,0.001,0,2024-04-15 19:12:08
98681000,0.0013,0,2024-04-15 19:12:08
98745000,0.0003,1,2024-04-15 19:12:08
98746000,0.0601,1,2024-04-15 19:12:08
98747000,0.0642,1,2024-04-15 19:12:08
98770000,0.061,1,2024-04-15 19:12:08
98771000,0.0624,1,2024-04-15 19:12:08
98713000,0.0003,0,2024-04-15 19:12:13
98701000,0.1938,0,2024-04-15 19:12:13
98700000,0.0821,0,2024-04-15 19:12:13
98687000,0.0,0,2024-04-15 19:12:13
98683000,0.001,0,2024-04-15 19:12:13
98732000,0.064,1,2024-04-15 19:12:13
98733000,0.0562,1,2024-04-15 19:12:13
98734000,0.0002,1,2024-04-15 19:12:13
98743000,0.9,1,2024-04-15 19:12:13
98744000,1.9,1,2024-04-15 19:12:13
98702000,0.0101,0,2024-04-15 19:12:18
98701000,0.1755,0,2024-04-15 19:12:18
98700000,0.0821,0,2024-04-15 19:12:18
98687000,0.0,0,2024-04-15 19:12:18
98683000,0.001,0,2024-04-15 19:12:18
98730000,0.0003,1,2024-04-15 19:12:18
98731000,0.0601,1,2024-04-15 19:12:18
98733000,0.0562,1,2024-04-15 19:12:18
98734000,0.0002,1,2024-04-15 19:12:18
98743000,0.0458,1,2024-04-15 19:12:18
98701000,0.1404,0,2024-04-15 19:12:23
98700000,0.0821,0,2024-04-15 19:12:23
98687000,0.0,0,2024-04-15 19:12:23
98683000,0.001,0,2024-04-15 19:12:23
98681000,0.0013,0,2024-04-15 19:12:23
98729000,0.3766,1,2024-04-15 19:12:23
98734000,0.0002,1,2024-04-15 19:12:23
98744000,0.1,1,2024-04-15 19:12:23
98747000,0.045,1,2024-04-15 19:12:23
98748000,1.8,1,2024-04-15 19:12:23
98701000,0.0969,0,2024-04-15 19:12:29
98700000,0.0823,0,2024-04-15 19:12:29
98687000,0.0,0,2024-04-15 19:12:29
98683000,0.001,0,2024-04-15 19:12:29
98681000,0.0013,0,2024-04-15 19:12:29
98721000,0.3573,1,2024-04-15 19:12:29
98729000,0.357,1,2024-04-15 19:12:29
98734000,0.0002,1,2024-04-15 19:12:29
98744000,0.1,1,2024-04-15 19:12:29
98748000,1.8,1,2024-04-15 19:12:29
98701000,0.0563,0,2024-04-15 19:12:34
98700000,0.0823,0,2024-04-15 19:12:34
98699000,0.0004,0,2024-04-15 19:12:34
98698000,0.0004,0,2024-04-15 19:12:34
98697000,0.0004,0,2024-04-15 19:12:34
98721000,0.7143,1,2024-04-15 19:12:34
98734000,0.0002,1,2024-04-15 19:12:34
98741000,0.0644,1,2024-04-15 19:12:34
98744000,0.1,1,2024-04-15 19:12:34
98748000,1.8,1,2024-04-15 19:12:34
98701000,0.0745,0,2024-04-15 19:12:39
98700000,0.0823,0,2024-04-15 19:12:39
98699000,0.0004,0,2024-04-15 19:12:39
98698000,0.0004,0,2024-04-15 19:12:39
98697000,0.0004,0,2024-04-15 19:12:39
98721000,0.7132,1,2024-04-15 19:12:39
98734000,0.0002,1,2024-04-15 19:12:39
98738000,0.0601,1,2024-04-15 19:12:39
98741000,0.0644,1,2024-04-15 19:12:39
98744000,0.1,1,2024-04-15 19:12:39
98701000,0.0116,0,2024-04-15 19:12:44
98700000,0.0823,0,2024-04-15 19:12:44
98699000,0.0004,0,2024-04-15 19:12:44
98698000,0.0004,0,2024-04-15 19:12:44
98697000,0.0004,0,2024-04-15 19:12:44
98721000,0.7134,1,2024-04-15 19:12:44
98734000,0.0002,1,2024-04-15 19:12:44
98741000,0.0648,1,2024-04-15 19:12:44
98744000,0.1601,1,2024-04-15 19:12:44
98762000,0.0619,1,2024-04-15 19:12:44
98687000,0.0344,0,2024-04-15 19:12:49
98683000,0.001,0,2024-04-15 19:12:49
98681000,0.0013,0,2024-04-15 19:12:49
98680000,0.0001,0,2024-04-15 19:12:49
98678000,0.013,0,2024-04-15 19:12:49
98700000,0.0052,1,2024-04-15 19:12:49
98721000,0.7134,1,2024-04-15 19:12:49
98734000,0.0121,1,2024-04-15 19:12:49
98741000,0.0648,1,2024-04-15 19:12:49
98744000,0.1,1,2024-04-15 19:12:49
98690000,0.0004,0,2024-04-15 19:12:54
98660000,0.0021,0,2024-04-15 19:12:54
98656000,0.0001,0,2024-04-15 19:12:54
98650000,0.9109,0,2024-04-15 19:12:54
98647000,0.0606,0,2024-04-15 19:12:54
98699000,0.0965,1,2024-04-15 19:12:54
98700000,0.0053,1,2024-04-15 19:12:54
98721000,0.7131,1,2024-04-15 19:12:54
98734000,0.0002,1,2024-04-15 19:12:54
98741000,0.0648,1,2024-04-15 19:12:54
98676000,0.0004,0,2024-04-15 19:12:59
98675000,0.0004,0,2024-04-15 19:12:59
98674000,0.0004,0,2024-04-15 19:12:59
98650000,0.8837,0,2024-04-15 19:12:59
98647000,0.0606,0,2024-04-15 19:12:59
98699000,0.4541,1,2024-04-15 19:12:59
98700000,0.0052,1,2024-04-15 19:12:59
98721000,0.3561,1,2024-04-15 19:12:59
98734000,0.0002,1,2024-04-15 19:12:59
98735000,0.006,1,2024-04-15 19:12:59
98670000,0.0003,0,2024-04-15 19:13:04
98650000,0.8837,0,2024-04-15 19:13:04
98647000,0.0606,0,2024-04-15 19:13:04
98645000,0.0108,0,2024-04-15 19:13:04
98644000,0.002,0,2024-04-15 19:13:04
98677000,0.0008,1,2024-04-15 19:13:04
98699000,0.4537,1,2024-04-15 19:13:04
98700000,0.0052,1,2024-04-15 19:13:04
98721000,0.3561,1,2024-04-15 19:13:04
98734000,0.0062,1,2024-04-15 19:13:04
98671000,0.0001,0,2024-04-15 19:13:09
98670000,0.0003,0,2024-04-15 19:13:09
98650000,0.0012,0,2024-04-15 19:13:09
98645000,0.0108,0,2024-04-15 19:13:09
98644000,0.002,0,2024-04-15 19:13:09
98672000,0.357,1,2024-04-15 19:13:09
98699000,0.0964,1,2024-04-15 19:13:09
98700000,0.0052,1,2024-04-15 19:13:09
98710000,0.0589,1,2024-04-15 19:13:09
98717000,0.0108,1,2024-04-15 19:13:09
98668000,0.0004,0,2024-04-15 19:13:14
98667000,0.0004,0,2024-04-15 19:13:14
98666000,0.0004,0,2024-04-15 19:13:14
98665000,0.0004,0,2024-04-15 19:13:14
98664000,0.0004,0,2024-04-15 19:13:14
98672000,0.3568,1,2024-04-15 19:13:14
98686000,0.0647,1,2024-04-15 19:13:14
98699000,0.0964,1,2024-04-15 19:13:14
98700000,0.0052,1,2024-04-15 19:13:14
98710000,0.0589,1,2024-04-15 19:13:14
98600000,0.0056,0,2024-04-15 19:13:20
98599000,0.1502,0,2024-04-15 19:13:20
98597000,0.0013,0,2024-04-15 19:13:20
98593000,0.9202,0,2024-04-15 19:13:20
98592000,0.0027,0,2024-04-15 19:13:20
98631000,0.3684,1,2024-04-15 19:13:20
98649000,0.0001,1,2024-04-15 19:13:20
98660000,0.0002,1,2024-04-15 19:13:20
98665000,0.0552,1,2024-04-15 19:13:20
98672000,0.0002,1,2024-04-15 19:13:20
98599000,0.2063,0,2024-04-15 19:13:25
98597000,0.0013,0,2024-04-15 19:13:25
98594000,0.1207,0,2024-04-15 19:13:25
98593000,0.9204,0,2024-04-15 19:13:25
98592000,0.0027,0,2024-04-15 19:13:25
98600000,0.0583,1,2024-04-15 19:13:25
98631000,0.2671,1,2024-04-15 19:13:25
98660000,0.011,1,2024-04-15 19:13:25
98672000,0.0002,1,2024-04-15 19:13:25
98686000,0.0647,1,2024-04-15 19:13:25
98600000,0.1319,0,2024-04-15 19:13:30
98599000,0.0968,0,2024-04-15 19:13:30
98597000,0.0013,0,2024-04-15 19:13:30
98593000,0.9204,0,2024-04-15 19:13:30
98592000,0.0027,0,2024-04-15 19:13:30
98631000,0.0003,1,2024-04-15 19:13:30
98660000,0.011,1,2024-04-15 19:13:30
98670000,0.357,1,2024-04-15 19:13:30
98672000,0.0002,1,2024-04-15 19:13:30
98686000,0.0647,1,2024-04-15 19:13:30
98598000,0.0105,0,2024-04-15 19:13:35
98597000,0.0017,0,2024-04-15 19:13:35
98596000,0.0004,0,2024-04-15 19:13:35
98595000,0.0004,0,2024-04-15 19:13:35
98594000,0.0004,0,2024-04-15 19:13:35
98599000,1.1451,1,2024-04-15 19:13:35
98600000,0.0002,1,2024-04-15 19:13:35
98631000,0.0002,1,2024-04-15 19:13:35
98660000,0.011,1,2024-04-15 19:13:35
98664000,0.0571,1,2024-04-15 19:13:35
98593000,0.0006,0,2024-04-15 19:13:40
98592000,0.0031,0,2024-04-15 19:13:40
98591000,0.0004,0,2024-04-15 19:13:40
98590000,0.0004,0,2024-04-15 19:13:40
98589000,0.0004,0,2024-04-15 19:13:40
98599000,1.1427,1,2024-04-15 19:13:40
98600000,0.0002,1,2024-04-15 19:13:40
98622000,0.0643,1,2024-04-15 19:13:40
98631000,0.0002,1,2024-04-15 19:13:40
98644000,0.0653,1,2024-04-15 19:13:40
98593000,0.0107,0,2024-04-15 19:13:45
98592000,0.0031,0,2024-04-15 19:13:45
98591000,0.0004,0,2024-04-15 19:13:45
98590000,0.0004,0,2024-04-15 19:13:45
98589000,0.0004,0,2024-04-15 19:13:45
98599000,0.918,1,2024-04-15 19:13:45
98600000,0.0002,1,2024-04-15 19:13:45
98631000,0.0002,1,2024-04-15 19:13:45
98644000,0.0653,1,2024-04-15 19:13:45
98652000,0.357,1,2024-04-15 19:13:45
98593000,0.0107,0,2024-04-15 19:13:50
98592000,0.0031,0,2024-04-15 19:13:50
98591000,0.0004,0,2024-04-15 19:13:50
98590000,0.0004,0,2024-04-15 19:13:50
98589000,0.0004,0,2024-04-15 19:13:50
98599000,0.8773,1,2024-04-15 19:13:50
98600000,0.0002,1,2024-04-15 19:13:50
98631000,0.0002,1,2024-04-15 19:13:50
98644000,0.0653,1,2024-04-15 19:13:50
98660000,0.011,1,2024-04-15 19:13:50
98593000,0.0107,0,2024-04-15 19:13:55
98592000,0.0031,0,2024-04-15 19:13:55
98591000,0.0004,0,2024-04-15 19:13:55
98590000,0.0004,0,2024-04-15 19:13:55
98589000,0.0004,0,2024-04-15 19:13:55
98599000,0.878,1,2024-04-15 19:13:55
98600000,0.0002,1,2024-04-15 19:13:55
98631000,0.0002,1,2024-04-15 19:13:55
98637000,0.357,1,2024-04-15 19:13:55
98644000,0.0653,1,2024-04-15 19:13:55
98588000,0.0058,0,2024-04-15 19:14:00
98587000,0.0004,0,2024-04-15 19:14:00
98586000,0.0004,0,2024-04-15 19:14:00
98585000,0.0004,0,2024-04-15 19:14:00
98584000,0.0004,0,2024-04-15 19:14:00
98593000,0.0964,1,2024-04-15 19:14:00
98599000,0.8771,1,2024-04-15 19:14:00
98600000,0.0002,1,2024-04-15 19:14:00
98631000,0.0002,1,2024-04-15 19:14:00
98637000,0.357,1,2024-04-15 19:14:00
98588000,0.0058,0,2024-04-15 19:14:05
98587000,0.0004,0,2024-04-15 19:14:05
98586000,0.0004,0,2024-04-15 19:14:05
98585000,0.0004,0,2024-04-15 19:14:05
98584000,0.0004,0,2024-04-15 19:14:05
98593000,0.0847,1,2024-04-15 19:14:05
98599000,0.8771,1,2024-04-15 19:14:05
98600000,0.0002,1,2024-04-15 19:14:05
98631000,0.0002,1,2024-04-15 19:14:05
98644000,0.0653,1,2024-04-15 19:14:05
98588000,0.0058,0,2024-04-15 19:14:10
98587000,0.0004,0,2024-04-15 19:14:10
98586000,0.0004,0,2024-04-15 19:14:10
98585000,0.0004,0,2024-04-15 19:14:10
98584000,0.0004,0,2024-04-15 19:14:10
98593000,0.0322,1,2024-04-15 19:14:10
98599000,0.8771,1,2024-04-15 19:14:10
98600000,0.0002,1,2024-04-15 19:14:10
98631000,0.0002,1,2024-04-15 19:14:10
98644000,0.0653,1,2024-04-15 19:14:10
98593000,0.0265,0,2024-04-15 19:14:16
98588000,0.0058,0,2024-04-15 19:14:16
98587000,0.0004,0,2024-04-15 19:14:16
98586000,0.0004,0,2024-04-15 19:14:16
98585000,0.0004,0,2024-04-15 19:14:16
98599000,1.0974,1,2024-04-15 19:14:16
98600000,0.0002,1,2024-04-15 19:14:16
98631000,0.0002,1,2024-04-15 19:14:16
98644000,0.0653,1,2024-04-15 19:14:16
98658000,0.357,1,2024-04-15 19:14:16
98593000,0.0019,0,2024-04-15 19:14:21
98588000,0.0058,0,2024-04-15 19:14:21
98587000,0.0004,0,2024-04-15 19:14:21
98586000,0.0004,0,2024-04-15 19:14:21
98585000,0.0004,0,2024-04-15 19:14:21
98599000,1.0794,1,2024-04-15 19:14:21
98600000,0.0002,1,2024-04-15 19:14:21
98631000,0.0002,1,2024-04-15 19:14:21
98644000,0.0653,1,2024-04-15 19:14:21
98658000,0.357,1,2024-04-15 19:14:21
98595000,0.0003,0,2024-04-15 19:14:26
98594000,0.0238,0,2024-04-15 19:14:26
98593000,0.023,0,2024-04-15 19:14:26
98592000,0.0224,0,2024-04-15 19:14:26
98591000,0.0435,0,2024-04-15 19:14:26
98599000,1.0616,1,2024-04-15 19:14:26
98600000,0.0002,1,2024-04-15 19:14:26
98631000,0.0002,1,2024-04-15 19:14:26
98644000,0.0653,1,2024-04-15 19:14:26
98660000,0.0002,1,2024-04-15 19:14:26
98601000,0.0001,0,2024-04-15 19:14:31
98599000,0.1188,0,2024-04-15 19:14:31
98598000,0.1354,0,2024-04-15 19:14:31
98597000,0.3851,0,2024-04-15 19:14:31
98596000,0.0479,0,2024-04-15 19:14:31
98631000,0.0002,1,2024-04-15 19:14:31
98660000,0.0002,1,2024-04-15 19:14:31
98664000,0.0571,1,2024-04-15 19:14:31
98672000,0.0002,1,2024-04-15 19:14:31
98674000,0.0013,1,2024-04-15 19:14:31
98601000,0.0103,0,2024-04-15 19:14:36
98598000,0.1354,0,2024-04-15 19:14:36
98597000,0.3851,0,2024-04-15 19:14:36
98596000,0.0479,0,2024-04-15 19:14:36
98595000,0.0002,0,2024-04-15 19:14:36
98631000,0.0002,1,2024-04-15 19:14:36
98660000,0.0002,1,2024-04-15 19:14:36
98664000,0.0571,1,2024-04-15 19:14:36
98672000,0.0002,1,2024-04-15 19:14:36
98674000,0.0013,1,2024-04-15 19:14:36
98601000,0.0103,0,2024-04-15 19:14:41
98599000,0.1188,0,2024-04-15 19:14:41
98598000,0.1455,0,2024-04-15 19:14:41
98597000,0.3851,0,2024-04-15 19:14:41
98596000,0.0479,0,2024-04-15 19:14:41
98631000,0.0002,1,2024-04-15 19:14:41
98660000,0.0002,1,2024-04-15 19:14:41
98664000,0.0571,1,2024-04-15 19:14:41
98672000,0.0002,1,2024-04-15 19:14:41
98674000,0.0013,1,2024-04-15 19:14:41
98632000,0.0002,0,2024-04-15 19:14:46
98630000,0.1434,0,2024-04-15 19:14:46
98629000,0.0185,0,2024-04-15 19:14:46
98628000,0.0004,0,2024-04-15 19:14:46
98627000,0.0004,0,2024-04-15 19:14:46
98672000,0.0002,1,2024-04-15 19:14:46
98674000,0.0013,1,2024-04-15 19:14:46
98689000,0.0004,1,2024-04-15 19:14:46
98690000,0.0004,1,2024-04-15 19:14:46
98691000,0.0004,1,2024-04-15 19:14:46
98635000,0.1322,0,2024-04-15 19:14:51
98634000,0.0574,0,2024-04-15 19:14:51
98633000,0.0187,0,2024-04-15 19:14:51
98632000,0.006,0,2024-04-15 19:14:51
98631000,0.0219,0,2024-04-15 19:14:51
98660000,0.0001,1,2024-04-15 19:14:51
98671000,0.1,1,2024-04-15 19:14:51
98672000,0.0002,1,2024-04-15 19:14:51
98674000,0.0013,1,2024-04-15 19:14:51
98689000,0.0004,1,2024-04-15 19:14:51
98635000,0.1206,0,2024-04-15 19:14:56
98634000,0.0574,0,2024-04-15 19:14:56
98633000,0.0187,0,2024-04-15 19:14:56
98632000,0.006,0,2024-04-15 19:14:56
98631000,0.0219,0,2024-04-15 19:14:56
98660000,0.0001,1,2024-04-15 19:14:56
98671000,0.1,1,2024-04-15 19:14:56
98672000,0.0002,1,2024-04-15 19:14:56
98674000,0.0013,1,2024-04-15 19:14:56
98689000,0.0004,1,2024-04-15 19:14:56
98635000,0.1297,0,2024-04-15 19:15:01
98634000,0.0574,0,2024-04-15 19:15:01
98633000,0.0187,0,2024-04-15 19:15:01
98632000,0.0002,0,2024-04-15 19:15:01
98631000,0.0219,0,2024-04-15 19:15:01
98671000,0.0974,1,2024-04-15 19:15:01
98672000,0.0002,1,2024-04-15 19:15:01
98674000,0.0013,1,2024-04-15 19:15:01
98686000,0.0565,1,2024-04-15 19:15:01
98689000,0.0004,1,2024-04-15 19:15:01
98660000,0.0273,0,2024-04-15 19:15:07
98659000,0.0185,0,2024-04-15 19:15:07
98658000,0.0294,0,2024-04-15 19:15:07
98657000,0.028,0,2024-04-15 19:15:07
98656000,0.0103,0,2024-04-15 19:15:07
98671000,0.0974,1,2024-04-15 19:15:07
98672000,0.0002,1,2024-04-15 19:15:07
98674000,0.0013,1,2024-04-15 19:15:07
98686000,0.0565,1,2024-04-15 19:15:07
98689000,0.0004,1,2024-04-15 19:15:07
98671000,0.0038,0,2024-04-15 19:15:12
98670000,0.0001,0,2024-04-15 19:15:12
98668000,0.0002,0,2024-04-15 19:15:12
98665000,0.0002,0,2024-04-15 19:15:12
98662000,0.0001,0,2024-04-15 19:15:12
98672000,0.0002,1,2024-04-15 19:15:12
98674000,0.0013,1,2024-04-15 19:15:12
98686000,0.0565,1,2024-04-15 19:15:12
98689000,0.0004,1,2024-04-15 19:15:12
98690000,0.0004,1,2024-04-15 19:15:12
98671000,0.0363,0,2024-04-15 19:15:17
98661000,0.0461,0,2024-04-15 19:15:17
98660000,0.0761,0,2024-04-15 19:15:17
98659000,0.0527,0,2024-04-15 19:15:17
98658000,0.0238,0,2024-04-15 19:15:17
98672000,0.0002,1,2024-04-15 19:15:17
98674000,0.0013,1,2024-04-15 19:15:17
98686000,0.0565,1,2024-04-15 19:15:17
98689000,0.0004,1,2024-04-15 19:15:17
98690000,0.0004,1,2024-04-15 19:15:17
98671000,0.0711,0,2024-04-15 19:15:22
98661000,0.0461,0,2024-04-15 19:15:22
98660000,0.0636,0,2024-04-15 19:15:22
98659000,0.0527,0,2024-04-15 19:15:22
98658000,0.0238,0,2024-04-15 19:15:22
98689000,0.0004,1,2024-04-15 19:15:22
98690000,0.0004,1,2024-04-15 19:15:22
98691000,0.0004,1,2024-04-15 19:15:22
98692000,0.0004,1,2024-04-15 19:15:22
98693000,0.0004,1,2024-04-15 19:15:22
98671000,0.1727,0,2024-04-15 19:15:27
98661000,0.0463,0,2024-04-15 19:15:27
98660000,0.0636,0,2024-04-15 19:15:27
98659000,0.0527,0,2024-04-15 19:15:27
98658000,0.0238,0,2024-04-15 19:15:27
98699000,0.0603,1,2024-04-15 19:15:27
98700000,0.0053,1,2024-04-15 19:15:27
98701000,0.0015,1,2024-04-15 19:15:27
98707000,0.0631,1,2024-04-15 19:15:27
98720000,0.0001,1,2024-04-15 19:15:27
98671000,0.1727,0,2024-04-15 19:15:32
98661000,0.0463,0,2024-04-15 19:15:32
98660000,0.076,0,2024-04-15 19:15:32
98659000,0.0527,0,2024-04-15 19:15:32
98658000,0.0238,0,2024-04-15 19:15:32
98699000,0.0197,1,2024-04-15 19:15:32
98700000,0.0053,1,2024-04-15 19:15:32
98701000,0.0015,1,2024-04-15 19:15:32
98707000,0.0631,1,2024-04-15 19:15:32
98720000,0.0001,1,2024-04-15 19:15:32
98699000,0.0816,0,2024-04-15 19:15:37
98671000,0.1727,0,2024-04-15 19:15:37
98661000,0.0463,0,2024-04-15 19:15:37
98660000,0.0638,0,2024-04-15 19:15:37
98659000,0.0527,0,2024-04-15 19:15:37
98700000,0.0053,1,2024-04-15 19:15:37
98701000,0.0015,1,2024-04-15 19:15:37
98707000,0.0631,1,2024-04-15 19:15:37
98720000,0.0001,1,2024-04-15 19:15:37
98721000,0.0002,1,2024-04-15 19:15:37
98699000,0.0616,0,2024-04-15 19:15:42
98681000,0.3572,0,2024-04-15 19:15:42
98671000,0.1361,0,2024-04-15 19:15:42
98661000,0.0463,0,2024-04-15 19:15:42
98660000,0.0636,0,2024-04-15 19:15:42
98700000,0.0052,1,2024-04-15 19:15:42
98701000,0.0015,1,2024-04-15 19:15:42
98720000,0.0001,1,2024-04-15 19:15:42
98721000,0.0002,1,2024-04-15 19:15:42
98728000,0.0632,1,2024-04-15 19:15:42
98699000,0.021,0,2024-04-15 19:15:47
98681000,0.3572,0,2024-04-15 19:15:47
98671000,0.1013,0,2024-04-15 19:15:47
98661000,0.0463,0,2024-04-15 19:15:47
98660000,0.0638,0,2024-04-15 19:15:47
98728000,0.0264,1,2024-04-15 19:15:47
98729000,0.0004,1,2024-04-15 19:15:47
98730000,0.0004,1,2024-04-15 19:15:47
98732000,0.0217,1,2024-04-15 19:15:47
98733000,0.008,1,2024-04-15 19:15:47
98699000,0.0172,0,2024-04-15 19:15:52
98681000,0.3572,0,2024-04-15 19:15:52
98671000,0.1013,0,2024-04-15 19:15:52
98661000,0.0463,0,2024-04-15 19:15:52
98660000,0.0638,0,2024-04-15 19:15:52
98728000,0.0265,1,2024-04-15 19:15:52
98729000,0.0004,1,2024-04-15 19:15:52
98730000,0.0004,1,2024-04-15 19:15:52
98732000,0.0217,1,2024-04-15 19:15:52
98733000,0.008,1,2024-04-15 19:15:52
98699000,0.0005,0,2024-04-15 19:15:58
98681000,0.3643,0,2024-04-15 19:15:58
98671000,0.1013,0,2024-04-15 19:15:58
98664000,0.0509,0,2024-04-15 19:15:58
98661000,0.0462,0,2024-04-15 19:15:58
98728000,0.0002,1,2024-04-15 19:15:58
98729000,0.0004,1,2024-04-15 19:15:58
98730000,0.0004,1,2024-04-15 19:15:58
98734000,0.0002,1,2024-04-15 19:15:58
98738000,0.0013,1,2024-04-15 19:15:58
98728000,0.036,0,2024-04-15 19:16:03
98699000,0.3577,0,2024-04-15 19:16:03
98681000,0.0103,0,2024-04-15 19:16:03
98671000,0.1013,0,2024-04-15 19:16:03
98670000,0.0002,0,2024-04-15 19:16:03
98729000,0.0003,1,2024-04-15 19:16:03
98730000,0.0004,1,2024-04-15 19:16:03
98734000,0.0002,1,2024-04-15 19:16:03
98738000,0.0013,1,2024-04-15 19:16:03
98740000,0.0512,1,2024-04-15 19:16:03
98681000,0.0151,0,2024-04-15 19:16:08
98677000,0.0096,0,2024-04-15 19:16:08
98671000,0.1013,0,2024-04-15 19:16:08
98661000,0.0363,0,2024-04-15 19:16:08
98659000,0.0101,0,2024-04-15 19:16:08
98695000,0.029,1,2024-04-15 19:16:08
98700000,0.0346,1,2024-04-15 19:16:08
98702000,0.0336,1,2024-04-15 19:16:08
98706000,0.0387,1,2024-04-15 19:16:08
98708000,0.0145,1,2024-04-15 19:16:08
98671000,0.0804,0,2024-04-15 19:16:13
98661000,0.0363,0,2024-04-15 19:16:13
98659000,0.0101,0,2024-04-15 19:16:13
98650000,0.357,0,2024-04-15 19:16:13
98646000,0.0004,0,2024-04-15 19:16:13
98686000,0.021,1,2024-04-15 19:16:13
98687000,0.008,1,2024-04-15 19:16:13
98691000,0.0346,1,2024-04-15 19:16:13
98692000,0.0194,1,2024-04-15 19:16:13
98693000,0.0336,1,2024-04-15 19:16:13
98671000,0.0805,0,2024-04-15 19:16:18
98661000,0.0363,0,2024-04-15 19:16:18
98659000,0.0101,0,2024-04-15 19:16:18
98650000,0.3572,0,2024-04-15 19:16:18
98646000,0.0004,0,2024-04-15 19:16:18
98691000,0.0129,1,2024-04-15 19:16:18
98692000,0.0194,1,2024-04-15 19:16:18
98693000,0.0336,1,2024-04-15 19:16:18
98697000,0.0281,1,2024-04-15 19:16:18
98698000,0.0106,1,2024-04-15 19:16:18
98671000,0.0407,0,2024-04-15 19:16:23
98661000,0.0363,0,2024-04-15 19:16:23
98659000,0.0111,0,2024-04-15 19:16:23
98650000,0.0002,0,2024-04-15 19:16:23
98645000,0.1013,0,2024-04-15 19:16:23
98690000,0.1,1,2024-04-15 19:16:23
98691000,0.0237,1,2024-04-15 19:16:23
98692000,0.0194,1,2024-04-15 19:16:23
98693000,0.0336,1,2024-04-15 19:16:23
98697000,0.0281,1,2024-04-15 19:16:23
98635000,0.0315,0,2024-04-15 19:16:28
98634000,0.0002,0,2024-04-15 19:16:28
98633000,0.0002,0,2024-04-15 19:16:28
98632000,0.0002,0,2024-04-15 19:16:28
98631000,0.0002,0,2024-04-15 19:16:28
98636000,0.0032,1,2024-04-15 19:16:28
98640000,0.0186,1,2024-04-15 19:16:28
98646000,0.0221,1,2024-04-15 19:16:28
98647000,0.0404,1,2024-04-15 19:16:28
98650000,0.0214,1,2024-04-15 19:16:28
98650000,0.0318,0,2024-04-15 19:16:33
98635000,0.0417,0,2024-04-15 19:16:33
98634000,0.0002,0,2024-04-15 19:16:33
98633000,0.0002,0,2024-04-15 19:16:33
98632000,0.0002,0,2024-04-15 19:16:33
98674000,0.0002,1,2024-04-15 19:16:33
98681000,0.003,1,2024-04-15 19:16:33
98685000,0.0186,1,2024-04-15 19:16:33
98686000,0.1194,1,2024-04-15 19:16:33
98687000,0.019,1,2024-04-15 19:16:33
98650000,2.5922,0,2024-04-15 19:16:39
98649000,0.0002,0,2024-04-15 19:16:39
98646000,0.0004,0,2024-04-15 19:16:39
98645000,0.0004,0,2024-04-15 19:16:39
98644000,0.0004,0,2024-04-15 19:16:39
98674000,0.0002,1,2024-04-15 19:16:39
98681000,0.0186,1,2024-04-15 19:16:39
98683000,0.0445,1,2024-04-15 19:16:39
98684000,0.0225,1,2024-04-15 19:16:39
98686000,0.3686,1,2024-04-15 19:16:39
98651000,0.0579,0,2024-04-15 19:16:44
98650000,2.5922,0,2024-04-15 19:16:44
98649000,0.0002,0,2024-04-15 19:16:44
98646000,0.0004,0,2024-04-15 19:16:44
98645000,0.0004,0,2024-04-15 19:16:44
98663000,0.008,1,2024-04-15 19:16:44
98674000,0.0002,1,2024-04-15 19:16:44
98681000,0.0028,1,2024-04-15 19:16:44
98685000,0.051,1,2024-04-15 19:16:44
98687000,0.019,1,2024-04-15 19:16:44
98650000,2.5924,0,2024-04-15 19:16:50
98649000,0.0002,0,2024-04-15 19:16:50
98646000,0.0004,0,2024-04-15 19:16:50
98645000,0.0004,0,2024-04-15 19:16:50
98644000,0.0004,0,2024-04-15 19:16:50
98651000,0.2534,1,2024-04-15 19:16:50
98690000,0.0369,1,2024-04-15 19:16:50
98702000,0.0028,1,2024-04-15 19:16:50
98706000,0.1053,1,2024-04-15 19:16:50
98708000,0.0445,1,2024-04-15 19:16:50
98650000,2.5961,0,2024-04-15 19:16:55
98649000,0.0002,0,2024-04-15 19:16:55
98646000,0.0004,0,2024-04-15 19:16:55
98645000,0.0004,0,2024-04-15 19:16:55
98644000,0.0004,0,2024-04-15 19:16:55
98651000,0.2243,1,2024-04-15 19:16:55
98690000,0.0369,1,2024-04-15 19:16:55
98702000,0.0028,1,2024-04-15 19:16:55
98706000,0.1053,1,2024-04-15 19:16:55
98708000,0.0445,1,2024-04-15 19:16:55
98650000,2.6177,0,2024-04-15 19:17:00
98649000,0.0456,0,2024-04-15 19:17:00
98648000,0.0061,0,2024-04-15 19:17:00
98647000,0.0302,0,2024-04-15 19:17:00
98646000,0.0417,0,2024-04-15 19:17:00
98651000,0.1267,1,2024-04-15 19:17:00
98690000,0.0369,1,2024-04-15 19:17:00
98716000,0.0002,1,2024-04-15 19:17:00
98723000,0.0028,1,2024-04-15 19:17:00
98728000,0.0108,1,2024-04-15 19:17:00
98650000,2.6106,0,2024-04-15 19:17:05
98649000,0.0002,0,2024-04-15 19:17:05
98648000,0.0397,0,2024-04-15 19:17:05
98647000,0.0525,0,2024-04-15 19:17:05
98646000,0.0004,0,2024-04-15 19:17:05
98651000,0.036,1,2024-04-15 19:17:05
98690000,0.0369,1,2024-04-15 19:17:05
98708000,0.0027,1,2024-04-15 19:17:05
98716000,0.0002,1,2024-04-15 19:17:05
98719000,0.0257,1,2024-04-15 19:17:05
98650000,2.6106,0,2024-04-15 19:17:10
98649000,0.0002,0,2024-04-15 19:17:10
98648000,0.0677,0,2024-04-15 19:17:10
98647000,0.0525,0,2024-04-15 19:17:10
98646000,0.0004,0,2024-04-15 19:17:10
98651000,0.0056,1,2024-04-15 19:17:10
98690000,0.0369,1,2024-04-15 19:17:10
98708000,0.0027,1,2024-04-15 19:17:10
98715000,0.357,1,2024-04-15 19:17:10
98716000,0.0002,1,2024-04-15 19:17:10
98650000,2.6107,0,2024-04-15 19:17:16
98649000,0.0002,0,2024-04-15 19:17:16
98648000,0.0677,0,2024-04-15 19:17:16
98647000,0.0525,0,2024-04-15 19:17:16
98646000,0.0004,0,2024-04-15 19:17:16
98715000,0.357,1,2024-04-15 19:17:16
98716000,0.0002,1,2024-04-15 19:17:16
98719000,0.0257,1,2024-04-15 19:17:16
98726000,0.0868,1,2024-04-15 19:17:16
98727000,0.0479,1,2024-04-15 19:17:16
98651000,0.0284,0,2024-04-15 19:17:21
98650000,2.5811,0,2024-04-15 19:17:21
98649000,0.0002,0,2024-04-15 19:17:21
98647000,0.0001,0,2024-04-15 19:17:21
98646000,0.0004,0,2024-04-15 19:17:21
98698000,0.036,1,2024-04-15 19:17:21
98699000,0.0508,1,2024-04-15 19:17:21
98700000,0.019,1,2024-04-15 19:17:21
98701000,0.0349,1,2024-04-15 19:17:21
98702000,0.0324,1,2024-04-15 19:17:21
98651000,0.0428,0,2024-04-15 19:17:26
98650000,2.581,0,2024-04-15 19:17:26
98649000,0.0002,0,2024-04-15 19:17:26
98647000,0.0001,0,2024-04-15 19:17:26
98646000,0.0004,0,2024-04-15 19:17:26
98698000,0.0358,1,2024-04-15 19:17:26
98699000,0.0508,1,2024-04-15 19:17:26
98700000,0.019,1,2024-04-15 19:17:26
98701000,0.0349,1,2024-04-15 19:17:26
98702000,0.0324,1,2024-04-15 19:17:26
98651000,0.0289,0,2024-04-15 19:17:31
98650000,2.5751,0,2024-04-15 19:17:31
98649000,0.0002,0,2024-04-15 19:17:31
98647000,0.0001,0,2024-04-15 19:17:31
98646000,0.0004,0,2024-04-15 19:17:31
98698000,0.055,1,2024-04-15 19:17:31
98699000,0.0508,1,2024-04-15 19:17:31
98700000,0.0324,1,2024-04-15 19:17:31
98701000,0.057,1,2024-04-15 19:17:31
98702000,0.0193,1,2024-04-15 19:17:31
98650000,2.5836,0,2024-04-15 19:17:36
98649000,0.0002,0,2024-04-15 19:17:36
98647000,0.0001,0,2024-04-15 19:17:36
98646000,0.0004,0,2024-04-15 19:17:36
98645000,0.0005,0,2024-04-15 19:17:36
98681000,0.0004,1,2024-04-15 19:17:36
98698000,0.0548,1,2024-04-15 19:17:36
98699000,0.0508,1,2024-04-15 19:17:36
98700000,0.0324,1,2024-04-15 19:17:36
98701000,0.057,1,2024-04-15 19:17:36
98651000,0.0544,0,2024-04-15 19:17:41
98650000,2.5937,0,2024-04-15 19:17:41
98649000,0.0002,0,2024-04-15 19:17:41
98647000,0.0001,0,2024-04-15 19:17:41
98646000,0.0004,0,2024-04-15 19:17:41
98681000,0.0004,1,2024-04-15 19:17:41
98691000,0.0004,1,2024-04-15 19:17:41
98698000,0.0548,1,2024-04-15 19:17:41
98699000,0.0508,1,2024-04-15 19:17:41
98700000,0.0324,1,2024-04-15 19:17:41
98650000,2.6038,0,2024-04-15 19:17:46
98649000,0.0002,0,2024-04-15 19:17:46
98647000,0.0001,0,2024-04-15 19:17:46
98646000,0.0004,0,2024-04-15 19:17:46
98645000,0.0005,0,2024-04-15 19:17:46
98681000,0.0003,1,2024-04-15 19:17:46
98691000,0.0004,1,2024-04-15 19:17:46
98716000,0.0002,1,2024-04-15 19:17:46
98717000,0.0642,1,2024-04-15 19:17:46
98718000,0.0415,1,2024-04-15 19:17:46
98650000,2.6038,0,2024-04-15 19:17:51
98649000,0.0002,0,2024-04-15 19:17:51
98648000,0.0295,0,2024-04-15 19:17:51
98647000,0.0001,0,2024-04-15 19:17:51
98646000,0.0677,0,2024-04-15 19:17:51
98681000,0.0003,1,2024-04-15 19:17:51
98691000,0.0004,1,2024-04-15 19:17:51
98716000,0.0002,1,2024-04-15 19:17:51
98719000,0.0257,1,2024-04-15 19:17:51
98723000,0.0186,1,2024-04-15 19:17:51
98650000,2.6011,0,2024-04-15 19:17:56
98649000,0.0002,0,2024-04-15 19:17:56
98647000,0.0001,0,2024-04-15 19:17:56
98645000,0.0001,0,2024-04-15 19:17:56
98641000,0.0001,0,2024-04-15 19:17:56
98681000,0.0002,1,2024-04-15 19:17:56
98686000,0.0642,1,2024-04-15 19:17:56
98687000,0.0415,1,2024-04-15 19:17:56
98689000,0.0673,1,2024-04-15 19:17:56
98690000,0.0221,1,2024-04-15 19:17:56
98681000,0.0,0,2024-04-15 19:18:02
98651000,0.006,0,2024-04-15 19:18:02
98650000,2.5761,0,2024-04-15 19:18:02
98649000,0.0002,0,2024-04-15 19:18:02
98647000,0.0001,0,2024-04-15 19:18:02
98686000,0.0642,1,2024-04-15 19:18:02
98687000,0.0415,1,2024-04-15 19:18:02
98689000,0.0673,1,2024-04-15 19:18:02
98690000,0.0221,1,2024-04-15 19:18:02
98691000,0.0197,1,2024-04-15 19:18:02
98651000,0.0002,0,2024-04-15 19:18:07
98650000,2.5761,0,2024-04-15 19:18:07
98649000,0.0009,0,2024-04-15 19:18:07
98647000,0.0001,0,2024-04-15 19:18:07
98645000,0.0001,0,2024-04-15 19:18:07
98685000,0.0227,1,2024-04-15 19:18:07
98686000,0.0387,1,2024-04-15 19:18:07
98687000,0.0539,1,2024-04-15 19:18:07
98688000,0.0221,1,2024-04-15 19:18:07
98689000,0.0517,1,2024-04-15 19:18:07
98650000,2.5662,0,2024-04-15 19:18:12
98649000,0.0009,0,2024-04-15 19:18:12
98647000,0.0001,0,2024-04-15 19:18:12
98645000,0.0009,0,2024-04-15 19:18:12
98641000,0.0001,0,2024-04-15 19:18:12
98681000,0.0004,1,2024-04-15 19:18:12
98685000,0.0227,1,2024-04-15 19:18:12
98686000,0.0387,1,2024-04-15 19:18:12
98687000,0.0539,1,2024-04-15 19:18:12
98688000,0.0221,1,2024-04-15 19:18:12
98651000,0.0002,0,2024-04-15 19:18:17
98650000,2.5764,0,2024-04-15 19:18:17
98649000,0.0009,0,2024-04-15 19:18:17
98647000,0.0008,0,2024-04-15 19:18:17
98645000,0.0009,0,2024-04-15 19:18:17
98681000,0.0004,1,2024-04-15 19:18:17
98685000,0.0227,1,2024-04-15 19:18:17
98686000,0.0387,1,2024-04-15 19:18:17
98687000,0.0539,1,2024-04-15 19:18:17
98688000,0.0221,1,2024-04-15 19:18:17
98635000,0.025,0,2024-04-15 19:18:22
98634000,0.0002,0,2024-04-15 19:18:22
98633000,0.0002,0,2024-04-15 19:18:22
98632000,0.0003,0,2024-04-15 19:18:22
98631000,0.0002,0,2024-04-15 19:18:22
98654000,0.0191,1,2024-04-15 19:18:22
98655000,0.0104,1,2024-04-15 19:18:22
98656000,0.0097,1,2024-04-15 19:18:22
98658000,0.019,1,2024-04-15 19:18:22
98661000,0.0212,1,2024-04-15 19:18:22
98570000,0.0113,0,2024-04-15 19:18:27
98560000,0.0162,0,2024-04-15 19:18:27
98555000,0.0125,0,2024-04-15 19:18:27
98552000,0.9744,0,2024-04-15 19:18:27
98551000,0.0004,0,2024-04-15 19:18:27
98619000,0.0052,1,2024-04-15 19:18:27
98621000,0.0446,1,2024-04-15 19:18:27
98622000,0.0407,1,2024-04-15 19:18:27
98623000,0.0193,1,2024-04-15 19:18:27
98624000,0.0569,1,2024-04-15 19:18:27
98570000,0.0113,0,2024-04-15 19:18:32
98561000,0.1101,0,2024-04-15 19:18:32
98560000,0.0162,0,2024-04-15 19:18:32
98555000,0.0125,0,2024-04-15 19:18:32
98552000,0.9746,0,2024-04-15 19:18:32
98621000,0.0242,1,2024-04-15 19:18:32
98622000,0.0407,1,2024-04-15 19:18:32
98623000,0.0193,1,2024-04-15 19:18:32
98624000,0.0569,1,2024-04-15 19:18:32
98626000,0.0423,1,2024-04-15 19:18:32
98619000,0.0012,0,2024-04-15 19:18:37
98572000,0.1097,0,2024-04-15 19:18:37
98571000,0.0647,0,2024-04-15 19:18:37
98570000,0.0188,0,2024-04-15 19:18:37
98564000,0.0681,0,2024-04-15 19:18:37
98621000,0.1869,1,2024-04-15 19:18:37
98641000,0.0335,1,2024-04-15 19:18:37
98642000,0.0193,1,2024-04-15 19:18:37
98643000,0.0324,1,2024-04-15 19:18:37
98644000,0.0245,1,2024-04-15 19:18:37
98620000,0.0004,0,2024-04-15 19:18:42
98619000,0.0016,0,2024-04-15 19:18:42
98618000,0.0004,0,2024-04-15 19:18:42
98617000,0.0004,0,2024-04-15 19:18:42
98616000,0.0004,0,2024-04-15 19:18:42
98621000,0.1857,1,2024-04-15 19:18:42
98622000,0.0335,1,2024-04-15 19:18:42
98623000,0.0193,1,2024-04-15 19:18:42
98624000,0.0324,1,2024-04-15 19:18:42
98625000,0.0245,1,2024-04-15 19:18:42
98572000,0.1376,0,2024-04-15 19:18:47
98571000,0.0649,0,2024-04-15 19:18:47
98570000,0.0113,0,2024-04-15 19:18:47
98561000,0.1097,0,2024-04-15 19:18:47
98560000,2.5054,0,2024-04-15 19:18:47
98621000,0.1857,1,2024-04-15 19:18:47
98622000,0.0002,1,2024-04-15 19:18:47
98628000,0.0294,1,2024-04-15 19:18:47
98659000,0.0579,1,2024-04-15 19:18:47
98674000,0.0013,1,2024-04-15 19:18:47
98573000,0.0064,0,2024-04-15 19:18:52
98572000,0.1376,0,2024-04-15 19:18:52
98571000,0.0649,0,2024-04-15 19:18:52
98570000,0.0113,0,2024-04-15 19:18:52
98564000,0.0228,0,2024-04-15 19:18:52
98621000,0.1857,1,2024-04-15 19:18:52
98622000,0.0002,1,2024-04-15 19:18:52
98643000,0.0569,1,2024-04-15 19:18:52
98644000,0.0212,1,2024-04-15 19:18:52
98646000,0.0294,1,2024-04-15 19:18:52
98607000,0.0004,0,2024-04-15 19:18:58
98606000,0.0004,0,2024-04-15 19:18:58
98605000,0.0004,0,2024-04-15 19:18:58
98604000,0.0004,0,2024-04-15 19:18:58
98603000,0.0004,0,2024-04-15 19:18:58
98620000,0.0332,1,2024-04-15 19:18:58
98621000,0.1857,1,2024-04-15 19:18:58
98622000,0.0002,1,2024-04-15 19:18:58
98632000,0.0528,1,2024-04-15 19:18:58
98634000,0.0569,1,2024-04-15 19:18:58
98573000,0.0018,0,2024-04-15 19:19:03
98572000,0.1376,0,2024-04-15 19:19:03
98570000,0.0115,0,2024-04-15 19:19:03
98561000,0.02,0,2024-04-15 19:19:03
98560000,2.5056,0,2024-04-15 19:19:03
98590000,0.0207,1,2024-04-15 19:19:03
98591000,0.0193,1,2024-04-15 19:19:03
98592000,0.0324,1,2024-04-15 19:19:03
98593000,0.0437,1,2024-04-15 19:19:03
98594000,0.0211,1,2024-04-15 19:19:03
98560000,2.2618,0,2024-04-15 19:19:08
98555000,0.0125,0,2024-04-15 19:19:08
98553000,0.0059,0,2024-04-15 19:19:08
98552000,0.0177,0,2024-04-15 19:19:08
98549000,0.0009,0,2024-04-15 19:19:08
98583000,0.9,1,2024-04-15 19:19:08
98585000,0.0602,1,2024-04-15 19:19:08
98586000,1.8558,1,2024-04-15 19:19:08
98588000,0.0557,1,2024-04-15 19:19:08
98589000,0.0001,1,2024-04-15 19:19:08
98560000,1.7263,0,2024-04-15 19:19:13
98555000,0.0125,0,2024-04-15 19:19:13
98553000,0.0059,0,2024-04-15 19:19:13
98552000,0.0177,0,2024-04-15 19:19:13
98549000,0.0009,0,2024-04-15 19:19:13
98561000,0.0112,1,2024-04-15 19:19:13
98585000,0.9,1,2024-04-15 19:19:13
98586000,1.8557,1,2024-04-15 19:19:13
98588000,0.0557,1,2024-04-15 19:19:13
98599000,0.0002,1,2024-04-15 19:19:13
98560000,1.6987,0,2024-04-15 19:19:18
98555000,0.0125,0,2024-04-15 19:19:18
98553000,0.0059,0,2024-04-15 19:19:18
98552000,0.0177,0,2024-04-15 19:19:18
98549000,0.0009,0,2024-04-15 19:19:18
98561000,0.1316,1,2024-04-15 19:19:18
98569000,0.0602,1,2024-04-15 19:19:18
98586000,1.8557,1,2024-04-15 19:19:18
98588000,0.0557,1,2024-04-15 19:19:18
98599000,0.0002,1,2024-04-15 19:19:18
98560000,1.3119,0,2024-04-15 19:19:23
98555000,0.0125,0,2024-04-15 19:19:23
98553000,0.0059,0,2024-04-15 19:19:23
98552000,0.0177,0,2024-04-15 19:19:23
98549000,0.0009,0,2024-04-15 19:19:23
98561000,0.1292,1,2024-04-15 19:19:23
98564000,0.0596,1,2024-04-15 19:19:23
98565000,0.0602,1,2024-04-15 19:19:23
98586000,0.0557,1,2024-04-15 19:19:23
98588000,0.0557,1,2024-04-15 19:19:23
98560000,1.1296,0,2024-04-15 19:19:28
98559000,0.0004,0,2024-04-15 19:19:28
98558000,0.0004,0,2024-04-15 19:19:28
98557000,0.0004,0,2024-04-15 19:19:28
98555000,0.0125,0,2024-04-15 19:19:28
98561000,0.1032,1,2024-04-15 19:19:28
98584000,0.0602,1,2024-04-15 19:19:28
98586000,0.0557,1,2024-04-15 19:19:28
98599000,1.8002,1,2024-04-15 19:19:28
98612000,0.9,1,2024-04-15 19:19:28
98580000,0.2583,0,2024-04-15 19:19:33
98560000,0.9865,0,2024-04-15 19:19:33
98559000,0.0004,0,2024-04-15 19:19:33
98558000,0.0004,0,2024-04-15 19:19:33
98557000,0.0004,0,2024-04-15 19:19:33
98598000,0.0599,1,2024-04-15 19:19:33
98599000,0.0002,1,2024-04-15 19:19:33
98602000,0.0602,1,2024-04-15 19:19:33
98616000,0.1014,1,2024-04-15 19:19:33
98621000,1.9857,1,2024-04-15 19:19:33
98580000,0.1748,0,2024-04-15 19:19:38
98560000,0.9864,0,2024-04-15 19:19:38
98559000,0.0004,0,2024-04-15 19:19:38
98558000,0.0004,0,2024-04-15 19:19:38
98557000,0.0004,0,2024-04-15 19:19:38
98598000,0.0599,1,2024-04-15 19:19:38
98599000,0.0002,1,2024-04-15 19:19:38
98616000,0.1014,1,2024-04-15 19:19:38
98621000,1.9857,1,2024-04-15 19:19:38
98622000,0.0002,1,2024-04-15 19:19:38
98580000,0.0508,0,2024-04-15 19:19:43
98561000,0.0001,0,2024-04-15 19:19:43
98560000,0.986,0,2024-04-15 19:19:43
98555000,0.0125,0,2024-04-15 19:19:43
98553000,0.0059,0,2024-04-15 19:19:43
98599000,0.0002,1,2024-04-15 19:19:43
98621000,0.1857,1,2024-04-15 19:19:43
98622000,0.0002,1,2024-04-15 19:19:43
98638000,0.0603,1,2024-04-15 19:19:43
98659000,2.7579,1,2024-04-15 19:19:43
98580000,0.0481,0,2024-04-15 19:19:48
98561000,0.0001,0,2024-04-15 19:19:48
98560000,0.986,0,2024-04-15 19:19:48
98555000,0.0125,0,2024-04-15 19:19:48
98552000,0.0187,0,2024-04-15 19:19:48
98599000,0.0002,1,2024-04-15 19:19:48
98609000,0.0601,1,2024-04-15 19:19:48
98621000,0.1857,1,2024-04-15 19:19:48
98622000,0.0002,1,2024-04-15 19:19:48
98637000,0.0195,1,2024-04-15 19:19:48
98599000,0.0003,0,2024-04-15 19:19:54
98580000,0.0481,0,2024-04-15 19:19:54
98562000,0.1098,0,2024-04-15 19:19:54
98561000,0.0437,0,2024-04-15 19:19:54
98560000,0.986,0,2024-04-15 19:19:54
98620000,0.0001,1,2024-04-15 19:19:54
98621000,0.1857,1,2024-04-15 19:19:54
98622000,0.0002,1,2024-04-15 19:19:54
98638000,0.0603,1,2024-04-15 19:19:54
98659000,1.8579,1,2024-04-15 19:19:54
98580000,0.0022,0,2024-04-15 19:19:59
98561000,0.0437,0,2024-04-15 19:19:59
98560000,0.986,0,2024-04-15 19:19:59
98555000,0.0125,0,2024-04-15 19:19:59
98552000,0.0187,0,2024-04-15 19:19:59
98620000,0.0001,1,2024-04-15 19:19:59
98621000,0.1857,1,2024-04-15 19:19:59
98622000,0.0002,1,2024-04-15 19:19:59
98638000,0.0603,1,2024-04-15 19:19:59
98659000,0.0579,1,2024-04-15 19:19:59
98561000,0.9437,0,2024-04-15 19:20:04
98560000,0.9858,0,2024-04-15 19:20:04
98555000,0.0125,0,2024-04-15 19:20:04
98552000,0.0187,0,2024-04-15 19:20:04
98549000,0.0009,0,2024-04-15 19:20:04
98620000,0.0001,1,2024-04-15 19:20:04
98621000,0.1859,1,2024-04-15 19:20:04
98622000,0.0002,1,2024-04-15 19:20:04
98638000,0.0603,1,2024-04-15 19:20:04
98659000,0.0579,1,2024-04-15 19:20:04
98562000,0.0624,0,2024-04-15 19:20:09
98561000,1.0542,0,2024-04-15 19:20:09
98560000,0.9959,0,2024-04-15 19:20:09
98555000,0.0125,0,2024-04-15 19:20:09
98552000,0.0187,0,2024-04-15 19:20:09
98620000,0.0,1,2024-04-15 19:20:09
98621000,0.1859,1,2024-04-15 19:20:09
98622000,0.0002,1,2024-04-15 19:20:09
98658000,0.1096,1,2024-04-15 19:20:09
98659000,0.0579,1,2024-04-15 19:20:09
98561000,0.1441,0,2024-04-15 19:20:15
98560000,0.9962,0,2024-04-15 19:20:15
98555000,0.0125,0,2024-04-15 19:20:15
98552000,0.0187,0,2024-04-15 19:20:15
98549000,0.0009,0,2024-04-15 19:20:15
98562000,0.022,1,2024-04-15 19:20:15
98616000,0.0618,1,2024-04-15 19:20:15
98617000,0.1093,1,2024-04-15 19:20:15
98618000,0.0592,1,2024-04-15 19:20:15
98620000,0.0003,1,2024-04-15 19:20:15
98620000,0.0604,0,2024-04-15 19:20:20
98562000,0.3198,0,2024-04-15 19:20:20
98561000,0.1217,0,2024-04-15 19:20:20
98560000,0.996,0,2024-04-15 19:20:20
98555000,0.0125,0,2024-04-15 19:20:20
98621000,0.1859,1,2024-04-15 19:20:20
98622000,0.0002,1,2024-04-15 19:20:20
98638000,0.0608,1,2024-04-15 19:20:20
98659000,0.0579,1,2024-04-15 19:20:20
98661000,0.0004,1,2024-04-15 19:20:20
98562000,0.3026,0,2024-04-15 19:20:25
98561000,0.1222,0,2024-04-15 19:20:25
98560000,0.996,0,2024-04-15 19:20:25
98555000,0.0125,0,2024-04-15 19:20:25
98552000,0.0187,0,2024-04-15 19:20:25
98621000,0.1859,1,2024-04-15 19:20:25
98622000,0.0002,1,2024-04-15 19:20:25
98637000,0.1172,1,2024-04-15 19:20:25
98638000,0.0608,1,2024-04-15 19:20:25
98659000,0.0579,1,2024-04-15 19:20:25
98562000,0.3087,0,2024-04-15 19:20:30
98561000,0.1227,0,2024-04-15 19:20:30
98560000,0.996,0,2024-04-15 19:20:30
98555000,0.0125,0,2024-04-15 19:20:30
98552000,0.0187,0,2024-04-15 19:20:30
98620000,0.0748,1,2024-04-15 19:20:30
98621000,0.1859,1,2024-04-15 19:20:30
98622000,0.0002,1,2024-04-15 19:20:30
98637000,0.01,1,2024-04-15 19:20:30
98638000,0.0608,1,2024-04-15 19:20:30
98562000,0.307,0,2024-04-15 19:20:35
98561000,0.1227,0,2024-04-15 19:20:35
98560000,0.996,0,2024-04-15 19:20:35
98555000,0.0125,0,2024-04-15 19:20:35
98552000,0.0187,0,2024-04-15 19:20:35
98620000,0.0546,1,2024-04-15 19:20:35
98621000,0.1859,1,2024-04-15 19:20:35
98622000,0.0002,1,2024-04-15 19:20:35
98637000,0.1113,1,2024-04-15 19:20:35
98638000,0.0608,1,2024-04-15 19:20:35
98562000,0.3064,0,2024-04-15 19:20:40
98561000,0.1227,0,2024-04-15 19:20:40
98560000,0.996,0,2024-04-15 19:20:40
98555000,0.0125,0,2024-04-15 19:20:40
98552000,0.0187,0,2024-04-15 19:20:40
98620000,0.0605,1,2024-04-15 19:20:40
98621000,0.1859,1,2024-04-15 19:20:40
98622000,0.0002,1,2024-04-15 19:20:40
98637000,0.1113,1,2024-04-15 19:20:40
98638000,0.0608,1,2024-04-15 19:20:40
98562000,0.0061,0,2024-04-15 19:20:45
98561000,0.1225,0,2024-04-15 19:20:45
98560000,0.996,0,2024-04-15 19:20:45
98555000,0.0125,0,2024-04-15 19:20:45
98552000,0.0187,0,2024-04-15 19:20:45
98620000,0.0605,1,2024-04-15 19:20:45
98621000,0.1859,1,2024-04-15 19:20:45
98622000,0.0002,1,2024-04-15 19:20:45
98637000,0.1113,1,2024-04-15 19:20:45
98638000,0.0608,1,2024-04-15 19:20:45
98562000,0.005,0,2024-04-15 19:20:50
98561000,0.1225,0,2024-04-15 19:20:50
98560000,0.9962,0,2024-04-15 19:20:50
98555000,0.0125,0,2024-04-15 19:20:50
98552000,0.0187,0,2024-04-15 19:20:50
98592000,0.0001,1,2024-04-15 19:20:50
98620000,0.0126,1,2024-04-15 19:20:50
98621000,0.1859,1,2024-04-15 19:20:50
98622000,0.0002,1,2024-04-15 19:20:50
98636000,0.1097,1,2024-04-15 19:20:50
98562000,0.011,0,2024-04-15 19:20:56
98561000,1.0227,0,2024-04-15 19:20:56
98560000,0.9962,0,2024-04-15 19:20:56
98555000,0.0125,0,2024-04-15 19:20:56
98552000,0.0187,0,2024-04-15 19:20:56
98620000,0.0256,1,2024-04-15 19:20:56
98621000,0.1859,1,2024-04-15 19:20:56
98622000,0.0002,1,2024-04-15 19:20:56
98637000,0.1113,1,2024-04-15 19:20:56
98638000,0.0608,1,2024-04-15 19:20:56
98562000,0.011,0,2024-04-15 19:21:01
98561000,1.0227,0,2024-04-15 19:21:01
98560000,0.9962,0,2024-04-15 19:21:01
98555000,0.0125,0,2024-04-15 19:21:01
98552000,0.0187,0,2024-04-15 19:21:01
98620000,0.0244,1,2024-04-15 19:21:01
98621000,0.1859,1,2024-04-15 19:21:01
98622000,0.0002,1,2024-04-15 19:21:01
98637000,0.01,1,2024-04-15 19:21:01
98638000,0.0608,1,2024-04-15 19:21:01
98620000,0.0,0,2024-04-15 19:21:06
98562000,0.011,0,2024-04-15 19:21:06
98561000,1.0328,0,2024-04-15 19:21:06
98560000,0.9962,0,2024-04-15 19:21:06
98555000,0.0125,0,2024-04-15 19:21:06
98621000,0.1844,1,2024-04-15 19:21:06
98622000,0.0002,1,2024-04-15 19:21:06
98636000,0.1013,1,2024-04-15 19:21:06
98637000,0.01,1,2024-04-15 19:21:06
98638000,0.0734,1,2024-04-15 19:21:06
98562000,0.0071,0,2024-04-15 19:21:11
98561000,1.0328,0,2024-04-15 19:21:11
98560000,0.9962,0,2024-04-15 19:21:11
98555000,0.0169,0,2024-04-15 19:21:11
98552000,0.0187,0,2024-04-15 19:21:11
98621000,0.1844,1,2024-04-15 19:21:11
98622000,0.0002,1,2024-04-15 19:21:11
98636000,0.1013,1,2024-04-15 19:21:11
98637000,0.01,1,2024-04-15 19:21:11
98638000,0.0734,1,2024-04-15 19:21:11
98563000,0.0001,0,2024-04-15 19:21:16
98562000,0.0071,0,2024-04-15 19:21:16
98561000,0.1328,0,2024-04-15 19:21:16
98560000,0.9962,0,2024-04-15 19:21:16
98555000,0.0169,0,2024-04-15 19:21:16
98620000,0.1013,1,2024-04-15 19:21:16
98621000,0.1844,1,2024-04-15 19:21:16
98622000,0.0002,1,2024-04-15 19:21:16
98628000,0.357,1,2024-04-15 19:21:16
98637000,0.01,1,2024-04-15 19:21:16
98562000,0.0043,0,2024-04-15 19:21:21
98561000,0.1328,0,2024-04-15 19:21:21
98560000,0.9962,0,2024-04-15 19:21:21
98555000,0.0169,0,2024-04-15 19:21:21
98552000,0.0187,0,2024-04-15 19:21:21
98620000,0.1013,1,2024-04-15 19:21:21
98621000,0.1844,1,2024-04-15 19:21:21
98622000,0.0002,1,2024-04-15 19:21:21
98628000,0.357,1,2024-04-15 19:21:21
98637000,0.01,1,2024-04-15 19:21:21
98561000,0.1159,0,2024-04-15 19:21:26
98560000,0.9962,0,2024-04-15 19:21:26
98555000,0.0169,0,2024-04-15 19:21:26
98552000,0.0187,0,2024-04-15 19:21:26
98549000,0.0009,0,2024-04-15 19:21:26
98608000,0.1084,1,2024-04-15 19:21:26
98609000,0.0623,1,2024-04-15 19:21:26
98610000,0.357,1,2024-04-15 19:21:26
98619000,0.159,1,2024-04-15 19:21:26
98620000,0.0601,1,2024-04-15 19:21:26
98562000,0.0504,0,2024-04-15 19:21:31
98561000,0.0874,0,2024-04-15 19:21:31
98560000,0.9962,0,2024-04-15 19:21:31
98555000,0.0169,0,2024-04-15 19:21:31
98552000,0.0187,0,2024-04-15 19:21:31
98592000,0.357,1,2024-04-15 19:21:31
98609000,0.0623,1,2024-04-15 19:21:31
98619000,0.0577,1,2024-04-15 19:21:31
98620000,0.0601,1,2024-04-15 19:21:31
98621000,0.1844,1,2024-04-15 19:21:31
98562000,0.0358,0,2024-04-15 19:21:36
98561000,0.0875,0,2024-04-15 19:21:36
98560000,0.9962,0,2024-04-15 19:21:36
98555000,0.0169,0,2024-04-15 19:21:36
98552000,0.0187,0,2024-04-15 19:21:36
98592000,0.357,1,2024-04-15 19:21:36
98609000,0.0623,1,2024-04-15 19:21:36
98619000,0.0577,1,2024-04-15 19:21:36
98620000,0.0601,1,2024-04-15 19:21:36
98621000,0.1844,1,2024-04-15 19:21:36
98561000,0.0798,0,2024-04-15 19:21:42
98560000,0.9962,0,2024-04-15 19:21:42
98555000,0.0169,0,2024-04-15 19:21:42
98552000,0.0187,0,2024-04-15 19:21:42
98549000,0.0009,0,2024-04-15 19:21:42
98592000,0.357,1,2024-04-15 19:21:42
98609000,0.0623,1,2024-04-15 19:21:42
98619000,0.0577,1,2024-04-15 19:21:42
98620000,0.0601,1,2024-04-15 19:21:42
98621000,0.1844,1,2024-04-15 19:21:42
98561000,0.0594,0,2024-04-15 19:21:47
98560000,0.0112,0,2024-04-15 19:21:47
98555000,0.0169,0,2024-04-15 19:21:47
98552000,0.0187,0,2024-04-15 19:21:47
98549000,0.0009,0,2024-04-15 19:21:47
98592000,0.357,1,2024-04-15 19:21:47
98609000,0.0623,1,2024-04-15 19:21:47
98619000,0.159,1,2024-04-15 19:21:47
98621000,0.1844,1,2024-04-15 19:21:47
98622000,0.0121,1,2024-04-15 19:21:47
98561000,0.017,0,2024-04-15 19:21:52
98560000,0.0112,0,2024-04-15 19:21:52
98555000,0.0169,0,2024-04-15 19:21:52
98552000,0.0187,0,2024-04-15 19:21:52
98549000,0.0009,0,2024-04-15 19:21:52
98592000,0.3519,1,2024-04-15 19:21:52
98609000,0.0623,1,2024-04-15 19:21:52
98619000,0.2074,1,2024-04-15 19:21:52
98621000,0.1844,1,2024-04-15 19:21:52
98622000,0.0121,1,2024-04-15 19:21:52
98555000,0.0048,0,2024-04-15 19:21:57
98552000,0.0187,0,2024-04-15 19:21:57
98549000,0.0009,0,2024-04-15 19:21:57
98540000,0.0002,0,2024-04-15 19:21:57
98531000,0.0017,0,2024-04-15 19:21:57
98592000,0.0002,1,2024-04-15 19:21:57
98609000,0.0623,1,2024-04-15 19:21:57
98614000,0.1034,1,2024-04-15 19:21:57
98619000,0.159,1,2024-04-15 19:21:57
98621000,0.1844,1,2024-04-15 19:21:57
98540000,0.9248,0,2024-04-15 19:22:02
98531000,0.0017,0,2024-04-15 19:22:02
98530000,0.0005,0,2024-04-15 19:22:02
98527000,0.0611,0,2024-04-15 19:22:02
98526000,0.0001,0,2024-04-15 19:22:02
98560000,0.0025,1,2024-04-15 19:22:02
98582000,0.0002,1,2024-04-15 19:22:02
98590000,0.0001,1,2024-04-15 19:22:02
98592000,0.0002,1,2024-04-15 19:22:02
98605000,0.103,1,2024-04-15 19:22:02
98556000,0.0004,0,2024-04-15 19:22:07
98555000,0.0004,0,2024-04-15 19:22:07
98549000,0.0639,0,2024-04-15 19:22:07
98540000,0.9248,0,2024-04-15 19:22:07
98531000,0.0017,0,2024-04-15 19:22:07
98560000,0.002,1,2024-04-15 19:22:07
98582000,0.0002,1,2024-04-15 19:22:07
98590000,0.0001,1,2024-04-15 19:22:07
98592000,0.0002,1,2024-04-15 19:22:07
98605000,0.103,1,2024-04-15 19:22:07
98549000,0.0402,0,2024-04-15 19:22:12
98548000,0.0004,0,2024-04-15 19:22:12
98547000,0.0004,0,2024-04-15 19:22:12
98546000,0.0004,0,2024-04-15 19:22:12
98545000,0.0004,0,2024-04-15 19:22:12
98560000,0.002,1,2024-04-15 19:22:12
98582000,0.0002,1,2024-04-15 19:22:12
98590000,0.0001,1,2024-04-15 19:22:12
98592000,0.0002,1,2024-04-15 19:22:12
98606000,0.357,1,2024-04-15 19:22:12
98549000,0.0022,0,2024-04-15 19:22:17
98548000,0.0004,0,2024-04-15 19:22:17
98547000,0.0004,0,2024-04-15 19:22:17
98546000,0.0004,0,2024-04-15 19:22:17
98545000,0.0004,0,2024-04-15 19:22:17
98560000,0.002,1,2024-04-15 19:22:17
98582000,0.0002,1,2024-04-15 19:22:17
98590000,0.0001,1,2024-04-15 19:22:17
98592000,0.0002,1,2024-04-15 19:22:17
98600000,1.0,1,2024-04-15 19:22:17
98542000,0.0251,0,2024-04-15 19:22:23
98540000,1.8325,0,2024-04-15 19:22:23
98539000,0.0534,0,2024-04-15 19:22:23
98538000,0.0433,0,2024-04-15 19:22:23
98537000,0.0481,0,2024-04-15 19:22:23
98560000,0.002,1,2024-04-15 19:22:23
98582000,0.0002,1,2024-04-15 19:22:23
98590000,0.0001,1,2024-04-15 19:22:23
98592000,0.0002,1,2024-04-15 19:22:23
98600000,1.0,1,2024-04-15 19:22:23
98542000,0.0002,0,2024-04-15 19:22:28
98540000,0.9084,0,2024-04-15 19:22:28
98539000,0.0004,0,2024-04-15 19:22:28
98538000,0.0004,0,2024-04-15 19:22:28
98537000,0.0004,0,2024-04-15 19:22:28
98560000,0.002,1,2024-04-15 19:22:28
98582000,0.0002,1,2024-04-15 19:22:28
98590000,0.0001,1,2024-04-15 19:22:28
98592000,0.0002,1,2024-04-15 19:22:28
98600000,1.0,1,2024-04-15 19:22:28
98540000,0.8771,0,2024-04-15 19:22:33
98539000,0.0004,0,2024-04-15 19:22:33
98538000,0.0004,0,2024-04-15 19:22:33
98537000,0.0004,0,2024-04-15 19:22:33
98536000,0.0004,0,2024-04-15 19:22:33
98560000,0.1046,1,2024-04-15 19:22:33
98582000,0.0002,1,2024-04-15 19:22:33
98587000,0.0004,1,2024-04-15 19:22:33
98590000,0.0001,1,2024-04-15 19:22:33
98592000,0.0002,1,2024-04-15 19:22:33
98540000,0.8416,0,2024-04-15 19:22:38
98539000,0.0004,0,2024-04-15 19:22:38
98538000,0.0004,0,2024-04-15 19:22:38
98537000,0.0004,0,2024-04-15 19:22:38
98536000,0.0004,0,2024-04-15 19:22:38
98560000,0.0538,1,2024-04-15 19:22:38
98582000,0.0002,1,2024-04-15 19:22:38
98586000,0.0208,1,2024-04-15 19:22:38
98587000,0.0004,1,2024-04-15 19:22:38
98590000,0.0001,1,2024-04-15 19:22:38
98540000,0.8364,0,2024-04-15 19:22:43
98539000,0.0004,0,2024-04-15 19:22:43
98538000,0.0004,0,2024-04-15 19:22:43
98537000,0.0004,0,2024-04-15 19:22:43
98536000,0.0004,0,2024-04-15 19:22:43
98560000,0.0538,1,2024-04-15 19:22:43
98576000,0.1031,1,2024-04-15 19:22:43
98577000,0.0208,1,2024-04-15 19:22:43
98581000,0.0048,1,2024-04-15 19:22:43
98582000,0.0002,1,2024-04-15 19:22:43
98540000,0.7925,0,2024-04-15 19:22:48
98539000,0.0004,0,2024-04-15 19:22:48
98538000,0.0004,0,2024-04-15 19:22:48
98537000,0.0004,0,2024-04-15 19:22:48
98536000,0.0004,0,2024-04-15 19:22:48
98559000,0.0374,1,2024-04-15 19:22:48
98560000,0.0538,1,2024-04-15 19:22:48
98573000,0.0208,1,2024-04-15 19:22:48
98577000,0.0048,1,2024-04-15 19:22:48
98582000,0.0002,1,2024-04-15 19:22:48
98540000,0.7438,0,2024-04-15 19:22:53
98539000,0.0004,0,2024-04-15 19:22:53
98538000,0.0004,0,2024-04-15 19:22:53
98537000,0.0004,0,2024-04-15 19:22:53
98536000,0.0004,0,2024-04-15 19:22:53
98547000,0.0507,1,2024-04-15 19:22:53
98559000,0.0374,1,2024-04-15 19:22:53
98560000,0.0538,1,2024-04-15 19:22:53
98573000,0.0208,1,2024-04-15 19:22:53
98577000,0.0048,1,2024-04-15 19:22:53
98540000,0.7228,0,2024-04-15 19:22:58
98539000,0.0004,0,2024-04-15 19:22:58
98538000,0.0004,0,2024-04-15 19:22:58
98537000,0.0004,0,2024-04-15 19:22:58
98536000,0.0004,0,2024-04-15 19:22:58
98547000,0.0507,1,2024-04-15 19:22:58
98559000,0.0374,1,2024-04-15 19:22:58
98560000,0.0538,1,2024-04-15 19:22:58
98573000,0.0208,1,2024-04-15 19:22:58
98577000,0.0048,1,2024-04-15 19:22:58
98540000,0.1567,0,2024-04-15 19:23:03
98539000,0.0004,0,2024-04-15 19:23:03
98538000,0.0004,0,2024-04-15 19:23:03
98537000,0.0004,0,2024-04-15 19:23:03
98536000,0.0004,0,2024-04-15 19:23:03
98547000,0.0507,1,2024-04-15 19:23:03
98559000,0.0374,1,2024-04-15 19:23:03
98560000,0.0538,1,2024-04-15 19:23:03
98582000,0.0002,1,2024-04-15 19:23:03
98585000,0.0941,1,2024-04-15 19:23:03
98540000,0.1528,0,2024-04-15 19:23:08
98539000,0.0004,0,2024-04-15 19:23:08
98538000,0.0005,0,2024-04-15 19:23:08
98537000,0.0004,0,2024-04-15 19:23:08
98536000,0.0004,0,2024-04-15 19:23:08
98547000,0.0005,1,2024-04-15 19:23:08
98559000,0.0374,1,2024-04-15 19:23:08
98560000,0.0538,1,2024-04-15 19:23:08
98582000,0.0002,1,2024-04-15 19:23:08
98587000,0.0584,1,2024-04-15 19:23:08
98540000,0.9774,0,2024-04-15 19:23:14
98539000,0.028,0,2024-04-15 19:23:14
98538000,0.056,0,2024-04-15 19:23:14
98537000,0.0467,0,2024-04-15 19:23:14
98536000,0.1351,0,2024-04-15 19:23:14
98559000,0.4077,1,2024-04-15 19:23:14
98560000,0.0538,1,2024-04-15 19:23:14
98582000,0.0002,1,2024-04-15 19:23:14
98587000,0.0006,1,2024-04-15 19:23:14
98590000,0.0001,1,2024-04-15 19:23:14
98540000,0.0238,0,2024-04-15 19:23:19
98539000,0.0289,0,2024-04-15 19:23:19
98538000,0.056,0,2024-04-15 19:23:19
98537000,0.0467,0,2024-04-15 19:23:19
98536000,0.1355,0,2024-04-15 19:23:19
98558000,0.0001,1,2024-04-15 19:23:19
98559000,0.4079,1,2024-04-15 19:23:19
98560000,0.0538,1,2024-04-15 19:23:19
98582000,0.0002,1,2024-04-15 19:23:19
98587000,0.0006,1,2024-04-15 19:23:19
98531000,0.0001,0,2024-04-15 19:23:24
98530000,0.0009,0,2024-04-15 19:23:24
98529000,0.0004,0,2024-04-15 19:23:24
98528000,0.0004,0,2024-04-15 19:23:24
98527000,0.0004,0,2024-04-15 19:23:24
98559000,0.4073,1,2024-04-15 19:23:24
98560000,0.0538,1,2024-04-15 19:23:24
98582000,0.0002,1,2024-04-15 19:23:24
98583000,0.0614,1,2024-04-15 19:23:24
98587000,0.0006,1,2024-04-15 19:23:24
98531000,0.0,0,2024-04-15 19:23:29
98511000,0.0123,0,2024-04-15 19:23:29
98510000,0.0019,0,2024-04-15 19:23:29
98508000,0.0001,0,2024-04-15 19:23:29
98506000,0.0105,0,2024-04-15 19:23:29
98559000,0.4073,1,2024-04-15 19:23:29
98560000,0.0538,1,2024-04-15 19:23:29
98571000,0.0002,1,2024-04-15 19:23:29
98581000,0.0208,1,2024-04-15 19:23:29
98582000,0.0002,1,2024-04-15 19:23:29
98512000,0.0005,0,2024-04-15 19:23:34
98506000,0.005,0,2024-04-15 19:23:34
98500000,0.0613,0,2024-04-15 19:23:34
98499000,0.0252,0,2024-04-15 19:23:34
98498000,0.0496,0,2024-04-15 19:23:34
98559000,0.4073,1,2024-04-15 19:23:34
98560000,0.0538,1,2024-04-15 19:23:34
98576000,0.0001,1,2024-04-15 19:23:34
98579000,0.0208,1,2024-04-15 19:23:34
98581000,0.0002,1,2024-04-15 19:23:34
98512000,0.0005,0,2024-04-15 19:23:39
98508000,0.0004,0,2024-04-15 19:23:39
98507000,0.0001,0,2024-04-15 19:23:39
98506000,0.0527,0,2024-04-15 19:23:39
98500000,0.0614,0,2024-04-15 19:23:39
98559000,0.4069,1,2024-04-15 19:23:39
98560000,0.0538,1,2024-04-15 19:23:39
98566000,0.0001,1,2024-04-15 19:23:39
98570000,0.0208,1,2024-04-15 19:23:39
98574000,0.0048,1,2024-04-15 19:23:39
98520000,0.001,0,2024-04-15 19:23:44
98512000,0.0005,0,2024-04-15 19:23:44
98508000,0.0004,0,2024-04-15 19:23:44
98507000,0.0001,0,2024-04-15 19:23:44
98506000,0.0527,0,2024-04-15 19:23:44
98559000,0.4063,1,2024-04-15 19:23:44
98560000,0.0538,1,2024-04-15 19:23:44
98561000,0.0002,1,2024-04-15 19:23:44
98566000,0.0001,1,2024-04-15 19:23:44
98570000,0.0208,1,2024-04-15 19:23:44
98506000,0.0345,0,2024-04-15 19:23:49
98500000,0.0614,0,2024-04-15 19:23:49
98496000,0.0001,0,2024-04-15 19:23:49
98494000,0.001,0,2024-04-15 19:23:49
98488000,0.0253,0,2024-04-15 19:23:49
98559000,0.4059,1,2024-04-15 19:23:49
98560000,0.0538,1,2024-04-15 19:23:49
98563000,0.0587,1,2024-04-15 19:23:49
98566000,0.0001,1,2024-04-15 19:23:49
98568000,0.0208,1,2024-04-15 19:23:49
98506000,0.0584,0,2024-04-15 19:23:54
98505000,0.0382,0,2024-04-15 19:23:54
98504000,0.0463,0,2024-04-15 19:23:54
98503000,0.1349,0,2024-04-15 19:23:54
98502000,0.1376,0,2024-04-15 19:23:54
98559000,0.4061,1,2024-04-15 19:23:54
98560000,0.0538,1,2024-04-15 19:23:54
98563000,0.0587,1,2024-04-15 19:23:54
98578000,0.0002,1,2024-04-15 19:23:54
98582000,0.0002,1,2024-04-15 19:23:54
98506000,0.0331,0,2024-04-15 19:24:00
98504000,0.2117,0,2024-04-15 19:24:00
98500000,0.0614,0,2024-04-15 19:24:00
98499000,0.0203,0,2024-04-15 19:24:00
98496000,0.0001,0,2024-04-15 19:24:00
98559000,0.4053,1,2024-04-15 19:24:00
98560000,0.0538,1,2024-04-15 19:24:00
98563000,0.0587,1,2024-04-15 19:24:00
98573000,0.0001,1,2024-04-15 19:24:00
98576000,0.0208,1,2024-04-15 19:24:00
98507000,0.0004,0,2024-04-15 19:24:05
98506000,0.0331,0,2024-04-15 19:24:05
98504000,0.2117,0,2024-04-15 19:24:05
98500000,0.0624,0,2024-04-15 19:24:05
98499000,0.0203,0,2024-04-15 19:24:05
98559000,0.405,1,2024-04-15 19:24:05
98560000,0.0538,1,2024-04-15 19:24:05
98563000,0.0587,1,2024-04-15 19:24:05
98573000,0.0001,1,2024-04-15 19:24:05
98576000,0.0208,1,2024-04-15 19:24:05
98506000,0.015,0,2024-04-15 19:24:10
98504000,0.2117,0,2024-04-15 19:24:10
98500000,0.0624,0,2024-04-15 19:24:10
98499000,0.0203,0,2024-04-15 19:24:10
98496000,0.0001,0,2024-04-15 19:24:10
98559000,0.4047,1,2024-04-15 19:24:10
98560000,0.0538,1,2024-04-15 19:24:10
98562000,0.0001,1,2024-04-15 19:24:10
98563000,0.0795,1,2024-04-15 19:24:10
98567000,0.0048,1,2024-04-15 19:24:10
98506000,0.0064,0,2024-04-15 19:24:15
98504000,0.2117,0,2024-04-15 19:24:15
98500000,0.0624,0,2024-04-15 19:24:15
98499000,0.0203,0,2024-04-15 19:24:15
98496000,0.0001,0,2024-04-15 19:24:15
98540000,0.0001,1,2024-04-15 19:24:15
98551000,0.0207,1,2024-04-15 19:24:15
98555000,0.0048,1,2024-04-15 19:24:15
98556000,0.0002,1,2024-04-15 19:24:15
98558000,0.0002,1,2024-04-15 19:24:15
98506000,0.0304,0,2024-04-15 19:24:20
98504000,0.1397,0,2024-04-15 19:24:20
98500000,0.0626,0,2024-04-15 19:24:20
98499000,0.0213,0,2024-04-15 19:24:20
98496000,0.0001,0,2024-04-15 19:24:20
98548000,0.1,1,2024-04-15 19:24:20
98549000,0.0206,1,2024-04-15 19:24:20
98553000,0.0048,1,2024-04-15 19:24:20
98556000,0.0004,1,2024-04-15 19:24:20
98557000,0.0173,1,2024-04-15 19:24:20
98500000,0.0615,0,2024-04-15 19:24:25
98499000,0.0213,0,2024-04-15 19:24:25
98496000,0.0001,0,2024-04-15 19:24:25
98494000,0.001,0,2024-04-15 19:24:25
98486000,0.0003,0,2024-04-15 19:24:25
98506000,0.0209,1,2024-04-15 19:24:25
98547000,0.0206,1,2024-04-15 19:24:25
98551000,0.0048,1,2024-04-15 19:24:25
98554000,0.0002,1,2024-04-15 19:24:25
98555000,0.0173,1,2024-04-15 19:24:25
98499000,0.0111,0,2024-04-15 19:24:30
98496000,0.0001,0,2024-04-15 19:24:30
98494000,0.001,0,2024-04-15 19:24:30
98486000,0.0003,0,2024-04-15 19:24:30
98484000,0.0005,0,2024-04-15 19:24:30
98506000,0.0207,1,2024-04-15 19:24:30
98534000,0.0001,1,2024-04-15 19:24:30
98538000,0.0206,1,2024-04-15 19:24:30
98542000,0.0048,1,2024-04-15 19:24:30
98545000,0.1009,1,2024-04-15 19:24:30
98483000,0.0145,0,2024-04-15 19:24:35
98481000,0.0103,0,2024-04-15 19:24:35
98480000,0.0011,0,2024-04-15 19:24:35
98478000,0.0024,0,2024-04-15 19:24:35
98467000,0.016,0,2024-04-15 19:24:35
98496000,0.029,1,2024-04-15 19:24:35
98506000,0.0106,1,2024-04-15 19:24:35
98534000,0.0001,1,2024-04-15 19:24:35
98538000,0.0206,1,2024-04-15 19:24:35
98542000,0.0048,1,2024-04-15 19:24:35
98487000,0.0004,0,2024-04-15 19:24:41
98486000,0.0004,0,2024-04-15 19:24:41
98485000,0.0004,0,2024-04-15 19:24:41
98484000,0.0004,0,2024-04-15 19:24:41
98483000,0.0149,0,2024-04-15 19:24:41
98496000,0.0172,1,2024-04-15 19:24:41
98506000,0.0106,1,2024-04-15 19:24:41
98534000,0.0031,1,2024-04-15 19:24:41
98537000,0.1003,1,2024-04-15 19:24:41
98538000,0.0206,1,2024-04-15 19:24:41
98484000,0.0004,0,2024-04-15 19:24:46
98483000,0.0149,0,2024-04-15 19:24:46
98482000,0.0004,0,2024-04-15 19:24:46
98481000,0.0107,0,2024-04-15 19:24:46
98480000,0.0015,0,2024-04-15 19:24:46
98496000,0.0166,1,2024-04-15 19:24:46
98506000,0.0106,1,2024-04-15 19:24:46
98534000,0.0031,1,2024-04-15 19:24:46
98549000,0.1,1,2024-04-15 19:24:46
98550000,0.3572,1,2024-04-15 19:24:46
98484000,0.0004,0,2024-04-15 19:24:51
98483000,0.0149,0,2024-04-15 19:24:51
98482000,0.0004,0,2024-04-15 19:24:51
98481000,0.0107,0,2024-04-15 19:24:51
98480000,0.0015,0,2024-04-15 19:24:51
98496000,0.0165,1,2024-04-15 19:24:51
98506000,0.0106,1,2024-04-15 19:24:51
98534000,0.0031,1,2024-04-15 19:24:51
98544000,0.0149,1,2024-04-15 19:24:51
98550000,0.1002,1,2024-04-15 19:24:51
98483000,0.0074,0,2024-04-15 19:24:56
98482000,0.0004,0,2024-04-15 19:24:56
98481000,0.0107,0,2024-04-15 19:24:56
98480000,0.0015,0,2024-04-15 19:24:56
98479000,0.0004,0,2024-04-15 19:24:56
98496000,0.0142,1,2024-04-15 19:24:56
98506000,0.0106,1,2024-04-15 19:24:56
98511000,0.357,1,2024-04-15 19:24:56
98534000,0.0031,1,2024-04-15 19:24:56
98544000,0.0149,1,2024-04-15 19:24:56
98484000,0.002,0,2024-04-15 19:25:01
98483000,0.0042,0,2024-04-15 19:25:01
98482000,0.0004,0,2024-04-15 19:25:01
98481000,0.0107,0,2024-04-15 19:25:01
98480000,0.0015,0,2024-04-15 19:25:01
98496000,0.0142,1,2024-04-15 19:25:01
98506000,0.0106,1,2024-04-15 19:25:01
98511000,0.357,1,2024-04-15 19:25:01
98534000,0.0031,1,2024-04-15 19:25:01
98542000,0.006,1,2024-04-15 19:25:01
98484000,0.0,0,2024-04-15 19:25:06
98483000,0.0042,0,2024-04-15 19:25:06
98482000,0.0008,0,2024-04-15 19:25:06
98481000,0.0107,0,2024-04-15 19:25:06
98480000,0.0015,0,2024-04-15 19:25:06
98496000,0.004,1,2024-04-15 19:25:06
98506000,0.0106,1,2024-04-15 19:25:06
98511000,0.357,1,2024-04-15 19:25:06
98534000,0.0031,1,2024-04-15 19:25:06
98542000,0.0623,1,2024-04-15 19:25:06
98481000,0.0075,0,2024-04-15 19:25:11
98480000,0.0015,0,2024-04-15 19:25:11
98479000,0.0004,0,2024-04-15 19:25:11
98478000,0.0028,0,2024-04-15 19:25:11
98477000,0.0004,0,2024-04-15 19:25:11
98496000,0.004,1,2024-04-15 19:25:11
98506000,0.0106,1,2024-04-15 19:25:11
98511000,0.357,1,2024-04-15 19:25:11
98534000,0.0001,1,2024-04-15 19:25:11
98542000,0.47,1,2024-04-15 19:25:11
98481000,0.0055,0,2024-04-15 19:25:16
98480000,0.0015,0,2024-04-15 19:25:16
98479000,0.0004,0,2024-04-15 19:25:16
98478000,0.0028,0,2024-04-15 19:25:16
98477000,0.0004,0,2024-04-15 19:25:16
98496000,0.004,1,2024-04-15 19:25:16
98506000,0.0106,1,2024-04-15 19:25:16
98511000,0.357,1,2024-04-15 19:25:16
98534000,0.0001,1,2024-04-15 19:25:16
98542000,0.47,1,2024-04-15 19:25:16
98471000,0.0445,0,2024-04-15 19:25:21
98470000,0.0004,0,2024-04-15 19:25:21
98469000,0.0004,0,2024-04-15 19:25:21
98468000,0.0449,0,2024-04-15 19:25:21
98467000,0.0164,0,2024-04-15 19:25:21
98506000,0.0107,1,2024-04-15 19:25:21
98511000,0.357,1,2024-04-15 19:25:21
98534000,0.0001,1,2024-04-15 19:25:21
98542000,0.47,1,2024-04-15 19:25:21
98547000,0.0206,1,2024-04-15 19:25:21
98471000,0.0004,0,2024-04-15 19:25:27
98470000,0.0004,0,2024-04-15 19:25:27
98469000,0.0004,0,2024-04-15 19:25:27
98468000,0.0004,0,2024-04-15 19:25:27
98467000,0.0164,0,2024-04-15 19:25:27
98506000,0.0107,1,2024-04-15 19:25:27
98511000,0.0002,1,2024-04-15 19:25:27
98534000,0.0001,1,2024-04-15 19:25:27
98536000,0.0994,1,2024-04-15 19:25:27
98537000,0.0206,1,2024-04-15 19:25:27
98467000,0.016,0,2024-04-15 19:25:32
98465000,0.0012,0,2024-04-15 19:25:32
98463000,0.002,0,2024-04-15 19:25:32
98460000,0.0217,0,2024-04-15 19:25:32
98459000,0.0224,0,2024-04-15 19:25:32
98506000,0.0107,1,2024-04-15 19:25:32
98511000,0.0002,1,2024-04-15 19:25:32
98534000,0.0001,1,2024-04-15 19:25:32
98536000,0.0994,1,2024-04-15 19:25:32
98537000,0.0206,1,2024-04-15 19:25:32
98467000,0.016,0,2024-04-15 19:25:37
98465000,0.0012,0,2024-04-15 19:25:37
98463000,0.002,0,2024-04-15 19:25:37
98459000,0.0224,0,2024-04-15 19:25:37
98458000,0.0217,0,2024-04-15 19:25:37
98502000,0.3521,1,2024-04-15 19:25:37
98506000,0.0106,1,2024-04-15 19:25:37
98511000,0.0002,1,2024-04-15 19:25:37
98534000,0.0001,1,2024-04-15 19:25:37
98535000,0.0206,1,2024-04-15 19:25:37
98490000,0.0409,0,2024-04-15 19:25:42
98487000,0.0445,0,2024-04-15 19:25:42
98486000,0.0361,0,2024-04-15 19:25:42
98485000,0.0212,0,2024-04-15 19:25:42
98484000,0.0731,0,2024-04-15 19:25:42
98501000,0.1245,1,2024-04-15 19:25:42
98502000,0.0002,1,2024-04-15 19:25:42
98506000,0.0635,1,2024-04-15 19:25:42
98511000,0.0002,1,2024-04-15 19:25:42
98534000,0.0001,1,2024-04-15 19:25:42
98483000,0.0002,0,2024-04-15 19:25:47
98477000,0.0192,0,2024-04-15 19:25:47
98476000,0.0361,0,2024-04-15 19:25:47
98475000,0.045,0,2024-04-15 19:25:47
98474000,0.0495,0,2024-04-15 19:25:47
98485000,0.003,1,2024-04-15 19:25:47
98501000,0.1244,1,2024-04-15 19:25:47
98502000,0.0002,1,2024-04-15 19:25:47
98506000,0.0635,1,2024-04-15 19:25:47
98511000,0.0002,1,2024-04-15 19:25:47
98477000,0.0174,0,2024-04-15 19:25:52
98476000,0.0361,0,2024-04-15 19:25:52
98475000,0.045,0,2024-04-15 19:25:52
98474000,0.0493,0,2024-04-15 19:25:52
98473000,0.0847,0,2024-04-15 19:25:52
98501000,0.1244,1,2024-04-15 19:25:52
98502000,0.0002,1,2024-04-15 19:25:52
98506000,0.0635,1,2024-04-15 19:25:52
98511000,0.0002,1,2024-04-15 19:25:52
98515000,0.357,1,2024-04-15 19:25:52
98477000,0.0699,0,2024-04-15 19:25:57
98476000,0.0362,0,2024-04-15 19:25:57
98475000,0.045,0,2024-04-15 19:25:57
98474000,0.0495,0,2024-04-15 19:25:57
98473000,0.0845,0,2024-04-15 19:25:57
98501000,0.1244,1,2024-04-15 19:25:57
98502000,0.0002,1,2024-04-15 19:25:57
98506000,0.0635,1,2024-04-15 19:25:57
98511000,0.0002,1,2024-04-15 19:25:57
98515000,0.357,1,2024-04-15 19:25:57
98478000,0.0288,0,2024-04-15 19:26:02
98477000,0.0795,0,2024-04-15 19:26:02
98471000,0.0004,0,2024-04-15 19:26:02
98470000,0.0349,0,2024-04-15 19:26:02
98469000,0.0004,0,2024-04-15 19:26:02
98500000,0.0001,1,2024-04-15 19:26:02
98501000,0.1244,1,2024-04-15 19:26:02
98502000,0.0002,1,2024-04-15 19:26:02
98506000,0.0635,1,2024-04-15 19:26:02
98511000,0.0002,1,2024-04-15 19:26:02
98478000,0.0408,0,2024-04-15 19:26:07
98477000,0.0795,0,2024-04-15 19:26:07
98471000,0.0004,0,2024-04-15 19:26:07
98470000,0.0004,0,2024-04-15 19:26:07
98469000,0.0004,0,2024-04-15 19:26:07
98501000,0.1243,1,2024-04-15 19:26:07
98502000,0.0002,1,2024-04-15 19:26:07
98506000,0.0635,1,2024-04-15 19:26:07
98511000,0.0002,1,2024-04-15 19:26:07
98534000,0.0001,1,2024-04-15 19:26:07
98478000,0.0059,0,2024-04-15 19:26:12
98477000,0.0795,0,2024-04-15 19:26:12
98471000,0.0004,0,2024-04-15 19:26:12
98470000,0.0004,0,2024-04-15 19:26:12
98469000,0.0004,0,2024-04-15 19:26:12
98501000,0.1098,1,2024-04-15 19:26:12
98502000,0.0002,1,2024-04-15 19:26:12
98506000,0.0635,1,2024-04-15 19:26:12
98508000,0.357,1,2024-04-15 19:26:12
98511000,0.0002,1,2024-04-15 19:26:12
98478000,0.0031,0,2024-04-15 19:26:18
98477000,0.0795,0,2024-04-15 19:26:18
98471000,0.0004,0,2024-04-15 19:26:18
98470000,0.0004,0,2024-04-15 19:26:18
98468000,0.0478,0,2024-04-15 19:26:18
98501000,0.1098,1,2024-04-15 19:26:18
98502000,0.0002,1,2024-04-15 19:26:18
98506000,0.0635,1,2024-04-15 19:26:18
98508000,0.357,1,2024-04-15 19:26:18
98511000,0.0002,1,2024-04-15 19:26:18
98477000,0.0795,0,2024-04-15 19:26:23
98474000,0.0005,0,2024-04-15 19:26:23
98471000,0.0004,0,2024-04-15 19:26:23
98470000,0.0004,0,2024-04-15 19:26:23
98468000,0.0478,0,2024-04-15 19:26:23
98478000,0.5406,1,2024-04-15 19:26:23
98500000,0.0125,1,2024-04-15 19:26:23
98501000,0.1098,1,2024-04-15 19:26:23
98502000,0.0002,1,2024-04-15 19:26:23
98506000,0.0635,1,2024-04-15 19:26:23
98477000,0.0053,0,2024-04-15 19:26:28
98474000,0.0005,0,2024-04-15 19:26:28
98471000,0.0005,0,2024-04-15 19:26:28
98470000,0.0004,0,2024-04-15 19:26:28
98468000,0.0478,0,2024-04-15 19:26:28
98478000,0.4999,1,2024-04-15 19:26:28
98484000,0.0002,1,2024-04-15 19:26:28
98501000,0.1098,1,2024-04-15 19:26:28
98502000,0.0002,1,2024-04-15 19:26:28
98506000,0.0635,1,2024-04-15 19:26:28
98474000,0.0005,0,2024-04-15 19:26:33
98471000,0.0005,0,2024-04-15 19:26:33
98470000,0.0011,0,2024-04-15 19:26:33
98469000,0.0004,0,2024-04-15 19:26:33
98468000,0.0482,0,2024-04-15 19:26:33
98477000,0.0072,1,2024-04-15 19:26:33
98478000,0.4987,1,2024-04-15 19:26:33
98484000,0.0002,1,2024-04-15 19:26:33
98501000,0.1098,1,2024-04-15 19:26:33
98502000,0.0002,1,2024-04-15 19:26:33
98474000,0.0005,0,2024-04-15 19:26:38
98471000,0.0012,0,2024-04-15 19:26:38
98470000,0.0011,0,2024-04-15 19:26:38
98469000,0.0216,0,2024-04-15 19:26:38
98468000,0.072,0,2024-04-15 19:26:38
98478000,0.455,1,2024-04-15 19:26:38
98484000,0.0002,1,2024-04-15 19:26:38
98501000,0.1098,1,2024-04-15 19:26:38
98502000,0.0002,1,2024-04-15 19:26:38
98506000,0.0635,1,2024-04-15 19:26:38
98471000,0.0,0,2024-04-15 19:26:43
98470000,0.0011,0,2024-04-15 19:26:43
98469000,0.0223,0,2024-04-15 19:26:43
98468000,0.072,0,2024-04-15 19:26:43
98467000,0.068,0,2024-04-15 19:26:43
98477000,0.0101,1,2024-04-15 19:26:43
98478000,0.4447,1,2024-04-15 19:26:43
98484000,0.0002,1,2024-04-15 19:26:43
98501000,0.1098,1,2024-04-15 19:26:43
98502000,0.0002,1,2024-04-15 19:26:43
98471000,0.0002,0,2024-04-15 19:26:48
98470000,0.0011,0,2024-04-15 19:26:48
98469000,0.0223,0,2024-04-15 19:26:48
98468000,0.072,0,2024-04-15 19:26:48
98467000,0.068,0,2024-04-15 19:26:48
98478000,0.4877,1,2024-04-15 19:26:48
98484000,0.0002,1,2024-04-15 19:26:48
98501000,0.1098,1,2024-04-15 19:26:48
98502000,0.0002,1,2024-04-15 19:26:48
98506000,0.0106,1,2024-04-15 19:26:48
98471000,0.0103,0,2024-04-15 19:26:53
98470000,0.0011,0,2024-04-15 19:26:53
98469000,0.0223,0,2024-04-15 19:26:53
98468000,0.072,0,2024-04-15 19:26:53
98467000,0.068,0,2024-04-15 19:26:53
98478000,0.4266,1,2024-04-15 19:26:53
98484000,0.0002,1,2024-04-15 19:26:53
98501000,0.1098,1,2024-04-15 19:26:53
98502000,0.0002,1,2024-04-15 19:26:53
98506000,0.0106,1,2024-04-15 19:26:53
98471000,0.0203,0,2024-04-15 19:26:58
98470000,0.0025,0,2024-04-15 19:26:58
98469000,0.0223,0,2024-04-15 19:26:58
98468000,0.072,0,2024-04-15 19:26:58
98467000,0.068,0,2024-04-15 19:26:58
98478000,0.4261,1,2024-04-15 19:26:58
98484000,0.0002,1,2024-04-15 19:26:58
98501000,0.1098,1,2024-04-15 19:26:58
98502000,0.0002,1,2024-04-15 19:26:58
98506000,0.0106,1,2024-04-15 19:26:58
98469000,0.0002,0,2024-04-15 19:27:03
98468000,0.0478,0,2024-04-15 19:27:03
98467000,0.1718,0,2024-04-15 19:27:03
98466000,0.1235,0,2024-04-15 19:27:03
98465000,0.054,0,2024-04-15 19:27:03
98471000,0.0156,1,2024-04-15 19:27:03
98478000,0.4261,1,2024-04-15 19:27:03
98484000,0.0002,1,2024-04-15 19:27:03
98501000,0.1098,1,2024-04-15 19:27:03
98502000,0.0002,1,2024-04-15 19:27:03
98469000,0.0002,0,2024-04-15 19:27:09
98468000,0.0569,0,2024-04-15 19:27:09
98467000,0.0164,0,2024-04-15 19:27:09
98466000,0.06,0,2024-04-15 19:27:09
98465000,0.0017,0,2024-04-15 19:27:09
98471000,0.0156,1,2024-04-15 19:27:09
98478000,0.4261,1,2024-04-15 19:27:09
98484000,0.0002,1,2024-04-15 19:27:09
98501000,0.1098,1,2024-04-15 19:27:09
98502000,0.0002,1,2024-04-15 19:27:09
98466000,0.0342,0,2024-04-15 19:27:14
98465000,0.0017,0,2024-04-15 19:27:14
98464000,0.111,0,2024-04-15 19:27:14
98463000,0.0872,0,2024-04-15 19:27:14
98462000,0.0544,0,2024-04-15 19:27:14
98471000,0.0156,1,2024-04-15 19:27:14
98478000,0.4263,1,2024-04-15 19:27:14
98484000,0.0002,1,2024-04-15 19:27:14
98501000,0.1098,1,2024-04-15 19:27:14
98502000,0.0002,1,2024-04-15 19:27:14
98466000,0.0569,0,2024-04-15 19:27:19
98465000,0.0051,0,2024-04-15 19:27:19
98464000,0.0616,0,2024-04-15 19:27:19
98463000,0.0872,0,2024-04-15 19:27:19
98462000,0.0546,0,2024-04-15 19:27:19
98471000,0.0136,1,2024-04-15 19:27:19
98478000,0.4263,1,2024-04-15 19:27:19
98484000,0.0002,1,2024-04-15 19:27:19
98496000,0.0002,1,2024-04-15 19:27:19
98501000,0.1098,1,2024-04-15 19:27:19
98466000,0.0669,0,2024-04-15 19:27:24
98465000,0.0051,0,2024-04-15 19:27:24
98464000,0.0616,0,2024-04-15 19:27:24
98463000,0.0872,0,2024-04-15 19:27:24
98462000,0.0546,0,2024-04-15 19:27:24
98471000,0.0136,1,2024-04-15 19:27:24
98478000,0.4263,1,2024-04-15 19:27:24
98484000,0.0002,1,2024-04-15 19:27:24
98496000,0.0002,1,2024-04-15 19:27:24
98501000,0.1098,1,2024-04-15 19:27:24
98466000,0.013,0,2024-04-15 19:27:29
98465000,0.0051,0,2024-04-15 19:27:29
98464000,0.0616,0,2024-04-15 19:27:29
98463000,0.0899,0,2024-04-15 19:27:29
98462000,0.0548,0,2024-04-15 19:27:29
98471000,0.0129,1,2024-04-15 19:27:29
98478000,0.4263,1,2024-04-15 19:27:29
98484000,0.0002,1,2024-04-15 19:27:29
98496000,0.0002,1,2024-04-15 19:27:29
98501000,0.1098,1,2024-04-15 19:27:29
98483000,0.042,0,2024-04-15 19:27:34
98481000,0.0341,0,2024-04-15 19:27:34
98480000,0.0001,0,2024-04-15 19:27:34
98479000,0.0056,0,2024-04-15 19:27:34
98478000,0.0516,0,2024-04-15 19:27:34
98496000,0.0002,1,2024-04-15 19:27:34
98501000,0.1098,1,2024-04-15 19:27:34
98502000,0.0002,1,2024-04-15 19:27:34
98506000,0.0106,1,2024-04-15 19:27:34
98511000,0.0002,1,2024-04-15 19:27:34
98493000,0.0108,0,2024-04-15 19:27:39
98492000,0.0003,0,2024-04-15 19:27:39
98491000,0.034,0,2024-04-15 19:27:39
98490000,0.0002,0,2024-04-15 19:27:39
98489000,0.0054,0,2024-04-15 19:27:39
98501000,0.0594,1,2024-04-15 19:27:39
98502000,0.0002,1,2024-04-15 19:27:39
98506000,0.0106,1,2024-04-15 19:27:39
98511000,0.0002,1,2024-04-15 19:27:39
98534000,0.0001,1,2024-04-15 19:27:39
98498000,0.0061,0,2024-04-15 19:27:44
98497000,0.0002,0,2024-04-15 19:27:44
98496000,0.0054,0,2024-04-15 19:27:44
98495000,0.0796,0,2024-04-15 19:27:44
98493000,0.0121,0,2024-04-15 19:27:44
98501000,0.0555,1,2024-04-15 19:27:44
98502000,0.0002,1,2024-04-15 19:27:44
98506000,0.0106,1,2024-04-15 19:27:44
98511000,0.0002,1,2024-04-15 19:27:44
98533000,0.0004,1,2024-04-15 19:27:44
98511000,0.0,0,2024-04-15 19:27:49
98501000,0.048,0,2024-04-15 19:27:49
98490000,0.0002,0,2024-04-15 19:27:49
98481000,0.0551,0,2024-04-15 19:27:49
98467000,1.1049,0,2024-04-15 19:27:49
98533000,0.0001,1,2024-04-15 19:27:49
98534000,0.0001,1,2024-04-15 19:27:49
98542000,0.4077,1,2024-04-15 19:27:49
98550000,0.0002,1,2024-04-15 19:27:49
98556000,0.0004,1,2024-04-15 19:27:49
98534000,0.0007,0,2024-04-15 19:27:54
98530000,0.0002,0,2024-04-15 19:27:54
98511000,0.0,0,2024-04-15 19:27:54
98501000,0.1148,0,2024-04-15 19:27:54
98500000,0.0002,0,2024-04-15 19:27:54
98550000,0.0,1,2024-04-15 19:27:54
98552000,0.1013,1,2024-04-15 19:27:54
98556000,0.0004,1,2024-04-15 19:27:54
98559000,0.0008,1,2024-04-15 19:27:54
98563000,0.0587,1,2024-04-15 19:27:54
98536000,0.0071,0,2024-04-15 19:27:59
98535000,0.0428,0,2024-04-15 19:27:59
98533000,0.0029,0,2024-04-15 19:27:59
98528000,0.0553,0,2024-04-15 19:27:59
98510000,0.0,0,2024-04-15 19:27:59
98564000,0.0001,1,2024-04-15 19:27:59
98570000,0.1013,1,2024-04-15 19:27:59
98574000,0.0004,1,2024-04-15 19:27:59
98593000,0.0512,1,2024-04-15 19:27:59
98595000,0.0004,1,2024-04-15 19:27:59
98536000,0.0013,0,2024-04-15 19:28:05
98535000,0.0348,0,2024-04-15 19:28:05
98531000,0.0079,0,2024-04-15 19:28:05
98530000,0.001,0,2024-04-15 19:28:05
98517000,0.0004,0,2024-04-15 19:28:05
98570000,0.1013,1,2024-04-15 19:28:05
98573000,0.0512,1,2024-04-15 19:28:05
98574000,0.0004,1,2024-04-15 19:28:05
98595000,0.0004,1,2024-04-15 19:28:05
98596000,0.0004,1,2024-04-15 19:28:05
98510000,0.0002,0,2024-04-15 19:28:10
98509000,0.0004,0,2024-04-15 19:28:10
98508000,0.0004,0,2024-04-15 19:28:10
98507000,0.0004,0,2024-04-15 19:28:10
98506000,0.0004,0,2024-04-15 19:28:10
98529000,0.0063,1,2024-04-15 19:28:10
98569000,0.0986,1,2024-04-15 19:28:10
98570000,0.2855,1,2024-04-15 19:28:10
98574000,0.0004,1,2024-04-15 19:28:10
98584000,0.0553,1,2024-04-15 19:28:10
98510000,0.0004,0,2024-04-15 19:28:15
98501000,0.0667,0,2024-04-15 19:28:15
98500000,0.0013,0,2024-04-15 19:28:15
98490000,0.0004,0,2024-04-15 19:28:15
98481000,0.0551,0,2024-04-15 19:28:15
98540000,0.0003,1,2024-04-15 19:28:15
98569000,0.0563,1,2024-04-15 19:28:15
98570000,0.1804,1,2024-04-15 19:28:15
98574000,0.0004,1,2024-04-15 19:28:15
98583000,0.1015,1,2024-04-15 19:28:15
98468000,0.0565,0,2024-04-15 19:28:20
